2988 4564
606 302 820 368 ..90-

151 486 330 557 ablativum
353 490 627 578 praepositionem
649 491 855 575 desideravit,
878 511 943 579 qua
964 511 1073 561 carere
1094 511 1153 559 nos
1175 510 1270 578 posse

149 596 255 661 neque
283 597 341 662 per
369 599 404 645 se
434 578 636 645 dubitabitur
662 584 697 646 et
723 585 858 666 apparet
883 600 955 646 eom
980 581 1126 647 aratione
1153 578 1270 648 similis

150 663 238 749 apud
253 663 459 750 Propertium
482 663 544 731 1661
565 665 591 747 Ι,
615 666 665 747 18,
689 666 741 748 28,
763 686 828 751 quo
850 667 915 732 iam
968 664 1082 750 eynius
1103 687 1184 733 usus
1207 668 1268 732 est.

236 748 342 817 Versu
357 751 381 832 Ι,
405 751 434 832 3,
461 750 499 816 13
522 772 622 837 supra
636 749 724 836 (pag.
742 751 799 834 63)
819 752 889 819 dixi
911 753 1016 821 videri
1037 754 1072 819 in
1094 753 1269 838 archetypo

149 836 252 902 fuisse
278 841 407 918 „tamen
430 841 481 904 est
503 838 659 905 deterrita
680 836 892 923 numquam“;
928 838 958 906 G
980 860 1054 906 oum
1083 839 1270 905 nonnullis

151 923 225 988 aliis
246 923 341 990 libris
363 922 462 991 habet
487 923 698 1009 „nusquam“,
727 925 814 1009 quod
836 944 1033 1011 quamquam
1055 944 1186 992 sensum
1208 925 1268 991 ali-
1392 986 1396 993 .

150 1028 247 1092 quem
280 1009 416 1094 praebet
447 1015 557 1077 tamen
591 1012 729 1078 alterum
760 1012 843 1077 mihi
872 1012 966 1096 longe
994 1013 1103 1100 aptius
1129 1012 1269 1079 videtur.

151 1094 369 1163 Baehrensius
391 1100 499 1163 tamen
524 1095 722 1182 ,nusquam“
747 1098 782 1163 in
802 1102 898 1164 textu
918 1101 1037 1184 posuit.

235 1181 259 1262 1,
283 1182 313 1263 3,
337 1184 377 1245 63
400 1182 429 1249 G
455 1204 510 1265 „ae
533 1185 688 1251 iuvenum
710 1181 829 1251 series“
859 1186 982 1266 scribit,
1011 1187 1068 1251 aut
1094 1185 1178 1250 inter
1202 1184 1270 1250 ela-

150 1267 237 1333 tione
263 1271 321 1334 aut
344 1270 422 1354 quia
448 1270 483 1336 id
509 1271 543 1336 in
572 1270 731 1337 secundae
759 1272 873 1337 elassis
899 1272 981 1338 libro
1007 1271 1142 1338 invenit.
1225 1269 1271 1335 ud

149 1357 260 1421 tamen
283 1358 408 1421 eertum
432 1358 492 1437 est,
518 1356 554 1422 id
576 1378 665 1423 mera
687 1357 935 1442 interpolatione
958 1361 1064 1425 ortum
1088 1377 1169 1438 esse,
1196 1376 1270 1422 eum

149 1440 301 1508 librarius
331 1442 450 1527 aliquis
477 1464 540 1511 usu
565 1444 622 1510 illo
650 1443 835 1512 Tibulliano
866 1445 906 1512 de
934 1464 998 1530 quo
1031 1464 1103 1529 pag.
1128 1445 1169 1507 64
1202 1443 1270 1509 dixi

152 1526 292 1596 offensus
315 1533 410 1597 esset.

145 1660 151 1671 ·
238 1614 262 1698 l,
286 1615 315 1695 5,
340 1615 380 1678 27

301 1700 362 1768 Illa
383 1701 443 1768 166
469 1702 551 1769 66161
573 1702 732 1804 agricolae
754 1723 813 1788 pro
836 1701 959 1771 vitibus
981 1721 1090 1784 uvam,

67 1857 72 1866 ·
150 1872 261 1974 ausa
286 1793 545 1942 6111151111
565 1810 684 1961 {utu
700 1787 1139 1961 irradiabuntur
1172 1874 1272 1941 aa

151 1980 238 2025 enrm
265 1964 496 2028 commemorat
520 1982 660 2044 gregem,
691 1966 849 2045 segetem,
877 1962 971 2042 vites,
1005 1964 1129 2028 6616166
1160 1965 1270 2027 autem

116 2050 122 2059 '
149 2047 275 2112 fruetus
307 2048 437 2114 omittit.
483 2048 603 2114 Tamen
629 2049 708 2116 11666
735 2049 867 2116 offensio
894 2068 957 2114 non
985 2047 1033 2113 ita
1060 2068 1177 2131 magna
1198 2066 1269 2113 6666

150 2132 231 2197 mihi
263 2132 404 2200 videtur.
454 2134 568 2219 Neque
603 2135 689 2201 enim
723 2134 904 2202 desiderari
937 2132 1035 2200 debet
1067 2137 1208 2220 apoeta
1232 2135 1270 2197 ut

151 2219 259 2284 omnia
280 2223 429 2287 66661616
451 2225 633 2303 enumeret3
656 2222 705 2287 illi
729 2242 767 2288 ea
789 2219 1069 2287 eommemoranda
1091 2222 1167 2287 sunt
1189 2237 1271 2305 quae

151 2325 224 2370 earn
246 2326 314 2372 rem
337 2308 565 2393 reputantibus
586 2308 741 2374 1661111616
763 2308 797 2374 16
819 2311 960 2374 mentem
981 2307 1091 2372 uenire
1111 2307 1270 2389 poterant,

150 2392 266 2457 vitium
301 2396 411 2458 autern
445 2394 574 2459 6611616
609 2395 642 2460 16
676 2394 797 2460 Tibulli
833 2393 968 2478 quidem
1006 2391 1138 2477 praedio
1176 2392 1271 2472 longe

150 2479 306 2544 maiorem
332 2479 439 2544 1666111
466 2479 632 2546 obtinebat
657 2498 756 2564 quam
782 2480 933 2546 arborum
964 2481 1099 2545 1166166.
1149 2477 1271 2546 Tamen

150 2564 233 2630 hano
258 2565 482 2632 difficultatem
506 2567 627 2632 evitare
649 2566 777 2633 studuit
798 2566 875 2633 libri
897 2565 927 2633 G
949 2565 1096 2649 scriptor,
1119 2565 1176 2648 qui
1193 2583 1269 2649 „pro

150 2649 331 2717 1166111166“
357 2652 514 2738 reposuit,
546 2652 634 2737 quod
656 2653 785 2720 etiamsi
807 2673 920 2720 verum
943 2656 1041 2733 66661,
1063 2654 1171 2717 tameo
1195 2670 1270 2716 oon-

150 2738 276 2803 ieetura
297 2738 379 2804 hano
401 2739 573 2805 leotionem
595 2742 698 2805 611661
722 2760 794 2806 6666
816 2739 898 2806 mihi
912 2738 1077 2804 videretur
1091 2735 1185 2802 16116
1202 2737 1270 2803 veri
1365 2771 1368 2776 ·

151 2823 265 2889 simile.
314 2822 399 2891 Vera
424 2829 533 2892 antem
562 2844 625 2910 quo
655 2826 763 2893 minus
793 2826 874 2892 mihi
899 2823 1048 2889 videatur
1074 2841 1185 2889 66166
1207 2821 1269 2887 im·

150 2909 243 3060 Redit
257 2909 355 2993 6661,
378 2911 407 2978 61
421 2910 450 2978 G
465 2912 640 2996 sequimur,
663 2912 837 2978 difficultas
857 2913 943 2976 66116
958 2929 1023 2976 non
1038 2908 1143 2973 minor
1157 2907 1221 2974 orit
1261 2957 1268 2971 .

177 3016 212 3062 ro
233 2995 356 3062 vitibus
379 2998 465 3063 enim
488 3018 584 3064 uvam
610 2999 707 3066 libari
734 3001 981 3064 consentaneum
1008 2997 1068 3076 est,
1095 3013 1153 3079 pro
1183 2995 1270 3062 1166-

149 3080 237 3148 tibus
260 3087 369 3149 autem
391 3082 453 3148 hoo
474 3104 538 3150 non
562 3087 609 3150 ita
630 3088 705 3238 apfte
730 3085 800 3151 fieri
827 3087 967 3169 poterat3
1000 3085 1086 3147 66116
1109 3101 1172 3148 non
1195 3101 1268 3147 oon-

151 3169 250 3237 seutit
267 3188 341 3235 eum
357 3189 394 3234 66
410 3190 500 3237 more
517 3170 556 3237 de
574 3191 637 3256 quo
682 3171 803 3237 ibullus
822 3171 893 3254 ipse
912 3170 1041 3234 loeutus
1059 3170 1110 3232 est
1124 3167 1148 3247 1,
1167 3169 1194 3247 1,
1213 3167 1269 3231 13:

304 3254 349 3321 Et
371 3256 597 3342 quodcumque
620 3258 702 3324 mihi
723 3277 856 3341 pomum
877 3275 979 3320 novus
1001 3252 1119 3318 eduoat
1142 3271 1245 3318 annus

354 3342 491 3409 libatum
515 3343 690 3426 agricolam
711 3342 842 3428 ponitur
865 3342 939 3406 ante
961 3339 1067 3417 deum,

151 3446 247 3511 quem
268 3426 303 3491 in
325 3448 448 3494 morem
472 3430 576 3496 altera
596 3430 759 3513 scriptura
780 3428 849 3493 sine
873 3426 973 3494 dubio
988 3424 1106 3490 melius
1121 3421 1269 3507 quadrat.

150 3513 288 3579 Aoeedit
313 3516 398 3598 quod
426 3515 573 3582 Tibullus
601 3516 732 3597 frugum
759 3514 812 3579 vel
838 3515 1006 3580 fruetuum
1031 3510 1160 3579 nomine
1189 3510 1271 3576 66161

149 3620 247 3684 poma
269 3603 303 3666 et
327 3602 528 3668 frumentum
554 3602 734 3685 eompleeti,
761 3621 835 3682 non,
864 3600 951 3684 6661
977 3598 1032 3665 hio
1060 3595 1269 3664 statuendum

151 3690 248 3766 esset,
270 3706 368 3769 poma
390 3690 423 3753 et
444 3688 528 3754 vites
551 3708 616 3754 una
638 3688 870 3770 significatione
887 3681 1123 3767 coniungere.¹)
1156 3680 1270 3765 116666

153 3770 313 3853 ,vitibus“
338 3773 540 3841 retinendum
563 3794 633 3841 6666
655 3774 736 3841 mihi
758 3795 951 3860 persuasum
975 3775 1035 3839 est.

100 3971 103 3977 ’
239 3975 257 4042 ¹)
277 3976 451 4044 comparandi
470 3976 579 4029 suntin
597 3977 689 4045 primis
708 3991 799 4029 versus
817 3978 838 4042 I,
861 3974 882 4042 1,
899 3974 924 4041 9,
944 3990 995 4042 666
1014 3974 1071 4026 1616
1089 3970 1219 4025 Dissenus
1238 3969 1270 4021 16

155 4048 204 4098 hae
221 4062 249 4098 re
267 4048 378 4112 monuit,
396 4046 459 4112 etl,
476 4044 502 4112 5,
519 4042 562 4096 21.
