2988 4564
649 237 885 300 -107-

200 432 311 516 aliquo
337 449 401 495 non
429 426 561 493 indocto
587 426 635 490 ita
661 424 819 508 scriptum
848 443 919 489 esse
945 426 984 488 ut
1010 420 1114 488 obiter
1141 420 1329 505 inspicienti

202 519 393 604 'plerumque
423 513 631 580 offensionem
656 530 721 576 non
742 509 911 594 praebeat3
939 529 1004 574 non
1025 507 1116 573 nulla
1139 508 1174 572 111
1197 526 1327 573 ecesse

164 664 166 669 .
202 607 290 671 recte
312 599 493 680 emendata,
520 617 603 683 quae
629 601 741 663 11111111
764 598 821 661 aut
843 595 952 661 omnia
974 598 1032 661 aut
1053 594 1232 660 maximam
1253 613 1328 678 par-

202 695 341 773 temex
367 686 439 751 11111
467 684 634 750 codicibus
667 681 818 747 videntur
845 686 977 766 sumpto
1003 699 1087 760 esse3
1122 700 1160 746 ea
1190 678 1329 763 denique

163 834 166 838 .
203 796 286 861 qnae
307 773 406 840 huius
429 770 551 837 codicis
566 769 698 854 propria
712 772 789 834 sunt
801 768 992 920 plerumque
1008 766 1216 851 apertissima
1229 766 1329 831 inter·

203 860 377 946 polationis
399 859 492 940 signa
513 876 592 942 prae
616 875 651 921 se
673 856 766 920 ferre.
831 858 863 921 st
884 855 985 936 igitur
999 852 1052 919 1111
1067 852 1159 933 liber,
1179 854 1218 916 ut
1232 852 1328 935 plane

204 948 399 1014 sententiam
421 963 528 1009 meam
550 942 723 1026 proteram,
745 961 831 1006 unus
854 960 872 1006 e
895 939 1089 1021 deterrimis,
1113 938 1287 1004 11111111
1310 957 1330 1003 1

204 1034 320 1101 ceteris
342 1031 436 1097 libris
458 1027 662 1111 interpolatis
685 1027 871 1110 discrepans
887 1026 975 1110 quod
989 1027 1023 1091 in
1038 1045 1076 1091 eo
1092 1025 1212 1090 maiore
1228 1025 1328 1090 etiam

203 1119 350 1199 libidine,
376 1117 513 1182 fortasse
541 1114 638 1180 etiam
666 1113 810 1179 feliciore
833 1132 988 1179 successu
1009 1115 1122 1196 poetae
1144 1110 1243 1182 verba
1267 1111 1329 1176 im-

203 1207 348 1271 mutatae
372 1205 457 1269 sunt.
504 1199 593 1277 Quae
616 1203 726 1265 autem
741 1199 781 1265 de
796 1199 938 1265 secunda
960 1199 1109 1265 codicum
1125 1197 1250 1264 familis
1269 1196 1330 1262 hoc

205 1292 273 1358 solo
305 1289 388 1356 libro
421 1289 663 1372 repraesentata
694 1285 908 1367 investigasse
941 1286 1005 1352 sibi
1038 1285 1129 1352 visus
1152 1288 1203 1351 est
1224 1283 1329 1351 Baeh-

206 1377 334 1443 rensius
356 1395 396 1441 ca
417 1392 550 1458 prorsus
569 1372 665 1437 nihili
688 1371 838 1437 facienda
862 1376 947 1437 sunt.

292 1580 451 1658 Quoniam
468 1577 620 1655 adfinem
636 1577 836 1661 quaestionis
851 1580 1044 1660 perventum
1064 1581 1125 1660 est,
1146 1580 1250 1643 restat
1264 1577 1330 1645 iam

205 1687 291 1733 nunc
320 1667 490 1732 universae
525 1663 754 1747 disputationis
780 1682 941 1728 summam
967 1665 1083 1729 facere.
1135 1664 1243 1747 Atque
1269 1666 1329 1733 hoc

205 1753 337 1838 quidem
360 1753 426 1816 iam
449 1752 597 1816 constare
619 1751 709 1833 puto,
731 1749 765 1814 in
781 1747 902 1813 Tibulli
923 1753 1017 1814 textu
1039 1748 1264 1817 constituendo
1289 1753 1329 1819 ab

205 1859 242 1906 eo
265 1838 473 1904 fundamento
497 1835 584 1920 quod
599 1834 825 1900 Lachmannus
847 1835 926 1900 iecit
944 1855 1007 1900 non
1022 1836 1163 1902 multum
1178 1837 1330 1904 receden-

206 1925 283 1991 dum
310 1943 391 1990 esse.
436 1922 536 1988 Bonis
562 1922 647 1986 enim
674 1920 839 1986 codicibus
868 1921 923 2004 qui
950 1924 1120 2005 practerea
1142 1923 1233 1989 allati
1255 1929 1331 1990 sunt

205 2011 289 2077 nihil
309 2012 378 2076 fere
401 2009 477 2074 novi
499 2008 646 2090 accessit,
673 2007 732 2073 sed
759 2006 841 2072 illud
863 2006 971 2091 ipsum
995 2006 1081 2091 quod
1103 2006 1330 2076 Lachmannus

205 2101 360 2183 posuerat
386 2095 420 2161 in
449 2114 576 2160 summa
602 2114 637 2159 re
665 2094 785 2158 certius
808 2094 1032 2158 confirmatum
1055 2097 1114 2160 est.
1161 2092 1198 2162 Si
1219 2099 1330 2162 autem

206 2184 280 2267 quis
305 2203 342 2249 eo
370 2181 504 2248 oonsilio
530 2184 569 2245 ut
595 2179 702 2245 omnia
729 2179 861 2262 colligat
877 2179 1000 2330 31111111
1023 2179 1065 2245 ad
1086 2201 1197 2246 veram
1220 2182 1330 2248 archc-

243 2270 278 2418 pi
300 2270 493 2352 scripturam
518 2270 668 2332 accurate
690 2265 875 2350 perspicies
899 2286 952 2330 am
974 2285 1056 2351 opus
1079 2266 1131 2347 sit,
1153 2287 1274 2333 novum
1296 2270 1331 2335 in

207 2290 373 2420 1111111111
400 2357 593 2436 apparatum
621 2351 771 2417 criticum
798 2370 988 2435 componere
1013 2351 1103 2432 velit,
1136 2352 1197 2419 hoc
1225 2352 1273 2421 ita
1300 2356 1328 2420 ei

207 2437 446 2505 instituendum
468 2457 540 2502 esse
563 2436 644 2502 mihi
667 2436 797 2503 videtur
817 2440 856 2502 ut
873 2440 939 2503 tres
955 2438 1028 2504 illas
1044 2438 1194 2505 codicum
1209 2440 1330 2507 classes

207 2544 227 2590 a
253 2523 459 2590 Lachmannc
492 2524 616 2608 positas
649 2523 795 2588 retincat.
844 2521 871 2589 B
905 2528 1014 2589 autem
1046 2524 1112 2590 11111
1138 2544 1202 2590 non
1230 2545 1330 2590 unum

207 2611 351 2676 codicem
380 2609 439 2675 sed
463 2609 562 2674 unius
591 2608 705 2674 classis
727 2609 880 2675 lectiones
903 2630 921 2675 e
944 2610 1044 2675 trium
1066 2609 1221 2676 librorum
1244 2631 1330 2679 com-

207 2697 376 2781 paratione
388 2694 533 2776 cognitas
550 2693 752 2776 significabit.
776 2694 904 2761 Primae
920 2699 1031 2762 autem
1047 2696 1159 2763 classis
1175 2697 1331 2764 lectiones

208 2783 255 2849 ite
285 2782 406 2866 optime
436 2777 607 2845 tradentur
636 2784 675 2844 ut
707 2785 855 2846 accurate
886 2781 990 2848 denuo
1027 2783 1173 2867 inspecta
1204 2782 1332 2850 Heinsii

209 2869 380 2934 collatione
422 2885 503 2950 quas
546 2865 667 2931 codicis
709 2866 741 2930 A
776 2866 931 2933 lectiones
968 2867 1124 2935 Heinsius
1168 2871 1331 3021 exfiressis

210 2954 319 3021 verbis
342 2952 466 3033 afferat,
497 2970 642 3036 quaeque
666 2970 777 3015 earum
799 2971 863 3017 non
887 2957 1036 3020 constent
1053 2954 1118 3021 nisi
1141 2975 1182 3020 ex
1237 2957 1333 3022 einsii

209 3040 337 3106 silentio
360 3038 450 3122 signo
490 3038 597 3121 aliquo
629 3035 801 3101 indicetur.
856 3037 989 3105 Praeter
1021 3040 1147 3106 codices
1174 3041 1329 3107 utendum

210 3130 261 3192 est
287 3125 466 3192 certissimo
492 3122 679 3190 testimonio
699 3123 872 3204 fragmenti
894 3120 1072 3205 0111111111,
1095 3126 1193 3210 paulo
1216 3129 1331 3207 minor,

208 3215 316 3278 tamen
339 3213 412 3296 ipsa
433 3230 562 3296 quoque
585 3228 704 3290 magna
723 3207 803 3274 fides
825 3208 999 3276 tribuenda
1020 3215 1071 3277 est
1085 3216 1245 3298 excerptis
1260 3213 1332 3280 Fri-

209 3298 424 3379 singensibus,
458 3317 496 3363 11
522 3317 563 3362 ne
591 3295 747 3361 Parisinis
776 3294 906 3378 quidem
933 3297 1103 3382 excerptis,
1137 3319 1331 3385 quamquam

210 3403 338 3447 summu
363 3403 438 3447 cum
464 3383 613 3448 cautione
635 3382 678 3448 iis
699 3382 750 3446 uti
772 3379 938 3462 debemus,
964 3382 1043 3449 fides
1067 3389 1117 3450 est
1139 3385 1330 3471 abroganda.

209 3465 347 3532 Prorsus
381 3472 491 3533 autern
525 3467 708 3551 spernenda
740 3471 818 3534 sunt
843 3465 999 3533 Italorum
1024 3477 1215 3555 commenta,
1250 3493 1332 3558 quae

210 3572 285 3618 cum
299 3571 340 3617 ne
353 3551 580 3619 Lachmannus
596 3554 728 3638 quidem
737 3554 832 3638 plene
849 3572 866 3618 e
883 3574 942 3620 suo
958 3558 1117 3639 apparatu
1131 3560 1332 3641 removisset,

211 3636 270 3704 sed
292 3641 403 3704 tamen
430 3641 498 3704 tam
524 3643 618 3704 caute
642 3641 685 3705 iis
707 3661 788 3706 usus
811 3643 897 3706 esset
917 3643 956 3705 ut
976 3639 1104 3705 nullum
1125 3642 1193 3708 fere
1214 3646 1332 3711 vitium

211 3745 252 3791 ex
286 3744 325 3790 11
357 3744 391 3789 11
423 3724 458 3788 111
490 3724 580 3791 illius
607 3727 734 3791 textum
760 3725 966 3808 redundaret,
999 3726 1194 3794 novissimus
1228 3731 1333 3800 editor

210 3810 330 3895 quique
353 3810 386 3875 ci
407 3809 614 3876 crediderunt
635 3829 767 3894 prorsus
789 3813 831 3878 iis
854 3812 982 3898 decepti
1004 3816 1088 3879 sunt.

618 3977 922 4014 ψ...-
