2988 4564
615 222 851 313 '-ac-

180 454 197 501 e
220 457 278 503 suo
294 435 423 521 ingenio
437 455 569 521 prorsus
585 437 780 505 immutavit.
825 435 952 505 Harum
967 435 1067 522 igitur
1081 438 1299 506 mutationum

179 523 329 611 exempla
349 543 435 590 nunc
457 523 601 590 afferam.

267 626 317 693 Ao
339 627 481 711 primum
504 627 637 710 quidem
658 628 764 695 locum
791 627 933 711 aliquem
958 628 1119 709 integrum
1151 624 1299 705 exhibeo,

180 714 257 796 quia
294 713 366 778 lura
391 714 605 779 mutationum
632 735 751 798 genera
778 734 815 780 eo
842 715 1000 780 illustrari
1028 716 1174 799 possunt.
1218 710 1299 780 Ver·
1388 772 1392 781 .

179 820 235 865 sus
258 733 296 880 ld,
320 798 350 880 3,
374 798 500 862 35—48
523 801 557 864 in
580 800 747 867 codicibus
769 801 817 866 sio
839 802 906 867 fere
928 801 1096 883 leguntur:

329 901 450 970 Ferrea
461 922 524 967 non
536 901 695 971 Venerem
713 903 772 970 sed
787 904 940 989 praedam
953 902 1083 970 saecula
1097 901 1244 968 laudant:
1267 912 1300 968 35

380 987 502 1072 praeda
520 990 629 1054 tamen
652 990 764 1056 multis
788 993 839 1057 est
862 994 996 1074 operata
1017 989 1122 1055 malis.

330 1073 455 1139 Praeda
476 1075 560 1140 feras
583 1077 670 1142 acies
693 1077 796 1142 cinxit
818 1075 1021 1142 discordibus
1045 1075 1157 1141 armis:

382 1159 457 1225 hinc
480 1180 585 1241 cruor,
608 1162 683 1228 hinc
705 1163 817 1229 caedes
840 1182 926 1228 mors
948 1163 1145 1248 propiorque
1168 1159 1265 1225 venit.

328 1243 452 1311 Praeda
473 1266 554 1328 vago
576 1247 672 1314 iussit
694 1250 858 1330 geminare
873 1249 1027 1400 pericula
1048 1250 1158 1331 ponto,

380 1330 497 1397 bellica
520 1352 593 1399 oum
616 1333 724 1399 dubiis
747 1339 852 1401 rostra
897 1335 966 1401 edit
986 1333 1123 1399 ratibus.
1265 1345 1299 1397 40

328 1415 507 1484 Praedator
529 1419 619 1502 cupit
640 1421 817 1488 immensos
840 1420 1000 1487 obsistere
1023 1435 1165 1501 campos,

380 1507 418 1569 ut
440 1504 544 1570 multa
566 1506 735 1572 innumera
757 1509 869 1590 iugera
890 1510 1004 1590 pascat
1026 1524 1100 1584 ore3

329 1590 382 1654 cui
403 1590 488 1675 lapis
512 1594 665 1659 externus
688 1614 783 1660 curae
807 1596 867 1673 est,
889 1592 1043 1674 urbisque
1064 1588 1224 1655 tumultus

378 1680 526 1760 portatur
547 1678 665 1745 validis
687 1680 777 1745 mille
801 1679 950 1745 columna
972 1677 1068 1759 iugis

330 1761 452 1828 claudit
467 1766 500 1827 et
514 1763 710 1831 indomitum
725 1767 942 1845 molesmum,
964 1764 1071 1863 lentus
1093 1764 1132 1827 ut
1153 1761 1240 1826 intra
1267 1773 1301 1828 45

329 1849 1161 2004 nttitittttttitpensitabatur

381 2021 519 2104 fictaque
542 2019 687 2088 Cumana
708 2022 834 2089 lubrica
855 2026 944 2088 terra
965 2024 1045 2087 rota.

178 2117 298 2186 Contra
319 2121 353 2186 in
375 2124 536 2208 excerptis
558 2123 593 2189 hi
614 2144 729 2191 versus
752 2126 799 2191 sio
821 2123 934 2190 traditi
957 2126 1046 2187 sunt:

328 2221 449 2294 Ferrea
463 2245 528 2292 non
549 2247 681 2313 pacem
703 2226 762 2293 sed
777 2225 930 2310 praedam
947 2223 1075 2290 saecula
1089 2223 1244 2291 laudant:
1267 2237 1301 2290 35

379 2310 500 2395 praeda
517 2316 627 2378 tamen
652 2313 765 2378 multis
787 2314 837 2378 est
858 2310 1050 2395 adoperta
1072 2310 1177 2377 malis.

329 2394 454 2462 Praeda
474 2398 560 2463 feras
582 2399 667 2464 acies
690 2398 793 2463 cinxit
814 2396 1018 2463 discordibus
1040 2398 1155 2463 armis:

378 2482 454 2548 hinc
465 2503 569 2564 cruor,
576 2484 650 2549 hinc
662 2483 778 2549 caedes
793 2502 956 2567 morsque
971 2485 1188 2568 propinqua
1199 2479 1297 2545 venit.

329 2566 453 2634 Praeda
475 2588 555 2651 vago
577 2569 675 2635 iussit
696 2570 860 2650 geminare
882 2570 1028 2654 pericula
1048 2572 1157 2654 ponto,

380 2674 463 2719 cum
485 2653 628 2721 tribuit
650 2654 791 2721 dubiae
815 2654 956 2721 bellica
977 2658 1106 2720 rostra
1128 2653 1211 2719 rati.
1266 2665 1301 2718 4ο

328 2738 506 2806 Praedator
528 2741 619 2840 cupit
641 2741 817 2806 immensos
840 2740 1020 2807 obsidere
1049 2758 1191 2823 campos,

378 2830 416 2891 ut
437 2825 542 2891 multa
562 2847 732 2892 innumera
753 2828 868 2909 iugera
889 2828 1001 2910 pascat
1023 2845 1092 2906 ove,

329 2910 460 2977 claudat
481 2917 515 2977 et
535 2911 729 3012 indomitum
743 2913 844 3014 moies
860 2932 958 2993 mare,
980 2912 1089 3012 lentus
1104 2913 1142 2976 ut
1159 2909 1245 2974 intra
1265 2921 1300 2976 45

327 2996 1200 3152 Atnrbgilbdadadbld)brunabsanblsscbsxnddldsddnbndbddstestae

380 3170 518 3253 fictaque
541 3167 683 3237 Cumana
704 3171 830 3238 lubrica
850 3173 939 3235 terra
959 3171 1040 3233 rota.

262 3268 370 3336 Primo
393 3274 526 3356 aspectu
540 3277 676 3358 apparet
690 3272 866 3339 admodum
880 3271 1021 3353 gravitm
1035 3289 1148 3335 versus
1163 3267 1300 3334 traditos

176 3354 216 3420 ab
232 3360 458 3442 excerptorum
471 3358 632 3444 scriptura
644 3360 835 3443 discrepare.
870 3355 996 3422 Harum
1012 3359 1120 3421 autem
1135 3355 1298 3420 variarum

175 3440 351 3509 lectionum
372 3446 449 3523 tres,
475 3443 669 3530 „adoperta“
693 3464 751 3529 pro
776 3438 944 3526 „operata“
969 3438 1013 3521 (v.
1039 3438 1105 3522 36),
1130 3459 1299 3524 „morsque

176 3527 359 3614 propinqua
380 3528 486 3595 venit“
510 3550 567 3614 pro
593 3550 698 3611 „mors
719 3529 914 3613 propiorque
930 3524 1036 3593 venit“
1061 3525 1106 3608 (v.
1131 3524 1197 3608 38),
1224 3526 1300 3608 „ob-

177 3613 315 3695 siderc“‚
338 3615 425 3700 quod
447 3616 516 3682 sino
539 3616 637 3682 dubio
658 3635 773 3680 verum
797 3618 856 3694 est,
875 3633 934 3698 pro
960 3610 1156 3695 „obsistere“
1180 3613 1247 3677 iam
1265 3611 1300 3676 in

177 3702 373 3786 excerptoris
394 3702 504 3768 codice
526 3700 690 3767 exstitisse
713 3699 794 3764 mihi
815 3699 884 3766 veri
906 3700 1013 3766 simile
1047 3698 1185 3778 videtur,
1219 3715 1300 3779 quas

177 3789 289 3854 omitto
318 3787 395 3872 quia
420 3808 505 3854 nuuc
538 3787 578 3854 de
615 3786 656 3852 iis
680 3788 807 3852 tantum
839 3785 918 3852 locis
951 3785 1033 3851 mihi
1066 3782 1228 3867 agendum
1250 3786 1302 3848 est

177 3893 257 3958 quos
269 3875 310 3942 ab
322 3877 511 3959 excerptore
522 3875 666 3939 mutatos
678 3892 749 3940 esse
761 3876 895 3939 constat.
908 3870 1027 3939 Statim
1036 3876 1145 3937 autem
1154 3868 1298 3936 versu35

177 3960 263 4044 quod
283 3961 442 4027 traditum
464 3962 532 4025 erat
553 3959 687 4026 retineri
708 3960 750 4026 ab
773 3961 960 4045 excerptorc
981 3978 1045 4023 non
1067 3959 1209 4040 poterat3
1230 3974 1299 4022 mo·
1350 4022 1354 4033 sq
1459 3982 1462 3988 ’
