2988 4564
635 260 848 322 ..16-

181 447 368 519 Coniunotis
395 449 505 512 autem
531 447 582 512 his
608 446 689 517 loeis
717 445 830 530 ,tund
861 450 941 514 ferri
971 469 1036 515 non
1065 451 1206 533 poterat,
1242 446 1299 515 sed

181 534 361 601 seeundum
390 532 613 599 antecedentia
639 533 879 601 immutandum
905 539 984 602 erat.
1030 533 1177 620 Apparet
1198 534 1300 616 igitur

180 622 262 689 hano
288 619 503 686 mutationem
530 620 708 704 proiectam
735 641 807 686 esse
836 622 875 687 ab
904 626 1090 706 excerptore
1118 625 1151 687 et
1177 642 1219 686 ex
1242 642 1298 687 ex-

181 708 302 793 cerptis
325 708 359 772 in
382 704 526 771 oodioem
550 704 578 772 G
600 708 797 790 pervenisse.
837 706 956 774 Contra
975 711 1152 774 nemo-tam
1168 708 1298 791 ineptus

179 794 300 861 fuisset
321 797 360 858 ut
381 793 414 857 in
437 792 563 874 integro
579 791 702 859 Tibulli
726 793 837 861 codiee
858 795 964 861 tribus
986 794 1053 860 illis
1076 793 1155 860 loeis
1174 791 1297 875 „nuno“

180 901 238 965 pro
262 876 376 961 „tune“
400 883 579 963 reponeret.

266 966 305 1046 ll,
331 970 358 1046 1,
384 965 423 1026 27
448 964 597 1031 Tibullus
623 965 711 1032 diem
736 967 856 1032 festum
883 965 1072 1052 depingens,
1094 986 1169 1032 oum
1194 965 1299 1032 111111-

181 1054 242 1205 fflis
270 1053 354 1205 exd's
383 1049 461 1116 deos
487 1051 640 1135 preoibus
668 1052 738 1118 suis
764 1055 872 1120 favere
902 1053 1052 1135 senserit,
1084 1053 1162 1118 vina
1194 1052 1301 1137 poseit

218 1159 312 1207 1111
335 1158 380 1203 rs:

332 1225 428 1293 Nune
450 1222 531 1289 mihi
553 1225 698 1290 fumosos
720 1225 840 1292 veteris
862 1226 1003 1308 proferte
1022 1223 1177 1291 Falernos

384 1310 526 1375 consulis
549 1313 582 1377 et
604 1308 683 1376 chio
706 1311 822 1379 solvite
844 1311 951 1378 vinela
974 1310 1062 1378 oado.

333 1394 418 1461 Vina
440 1394 528 1462 diem
550 1396 729 1463 eelebrent:
752 1419 816 1465 non
838 1398 924 1464 festa
944 1398 1017 1465 luoe
1039 1396 1170 1463 madere

385 1485 435 1547 est
455 1483 563 1562 rubor,
587 1487 729 1549 errantes
753 1487 786 1549 et
807 1484 891 1550 male
914 1485 998 1550 ferre
1021 1482 1132 1569 pedes.

183 1568 368 1637 Secundum
384 1569 500 1634 borum
516 1568 729 1635 distichorum
745 1573 915 1654 excerptor
934 1570 1068 1655 reoepit,
1091 1568 1149 1635 sed
1166 1571 1302 1653 apparet

181 1657 250 1722 eius
274 1656 471 1721 sententiam
494 1655 534 1721 ab
558 1655 755 1741 excerptoris
782 1657 928 1723 moribus
955 1676 1088 1739 prorsus
1117 1654 1299 1720 abhorrere.

180 1742 293 1827 ltaque
320 1762 360 1807 ea
387 1746 547 1825 quaerat
575 1741 609 1807 in
637 1743 758 1808 talibus
783 1742 926 1808 sollertia
947 1741 1124 1808 levissimis
1146 1740 1300 1806 mutatio-

181 1829 277 1894 nibus
304 1827 476 1894 verborum
505 1848 637 1894 sensum
663 1829 710 1894 ita
740 1849 874 1913 prorsus
903 1830 1022 1895 evertit
1046 1832 1085 1894 ut
1111 1831 1240 1912 poetam
1267 1828 1300 1892 in

181 1916 321 1981 nefarios
344 1914 418 1980 illos
440 1913 597 1996 homines,
621 1915 689 1998 qui,
715 1920 752 1981 ut
775 1915 821 1981 ait
842 1915 914 1999 ipse
936 1915 1034 1980 titulo
1058 1933 1157 1999 supra
1179 1912 1300 1997 scripto

184 2001 237 2082 „in
259 2000 351 2067 iestis
375 1998 456 2081 (1.1.
481 2001 582 2066 saeris
606 2000 738 2082 diebus)
766 2022 899 2086 operam
927 2000 1005 2067 dant
1033 1996 1200 2067 luxuriae“
1228 2019 1300 2081 gra-

181 2087 316 2155 vissime
338 2086 547 2152 invehentem
567 2088 704 2153 faceret:

292 2219 295 2227 ,
333 2173 419 2239 Vina
441 2172 530 2238 diem
553 2173 717 2239 eelebrent
739 2193 794 2236 ooo
812 2174 898 2239 festa
919 2174 991 2239 luee
1014 2170 1145 2237 madere

386 2262 437 2324 est
458 2259 567 2339 rubor,
593 2263 735 2327 errantes
760 2263 793 2325 et
815 2259 899 2325 male
923 2261 1006 2325 ferre
1027 2257 1138 2342 pedes

90 2377 93 2384 ·
181 2345 218 2411 ld
241 2365 369 2429 quoque
392 2344 427 2410 in
449 2350 635 2430 exoerptore
661 2345 861 2411 laudandum
887 2349 939 2412 est
965 2344 1052 2429 quod
1077 2340 1160 2408 illud
1185 2337 1300 2421 „non“,

183 2431 270 2516 quod
292 2431 377 2515 apud
401 2431 566 2497 Tibullum
588 2430 709 2516 optime
732 2452 836 2516 neque
865 2433 935 2499 sine
962 2430 995 2496 vi
1024 2429 1155 2508 dieitur,
1182 2427 1300 2505 immu-

182 2517 260 2584 tatis
283 2517 392 2583 verbis
415 2538 479 2582 non
501 2516 583 2583 item
606 2522 718 2601 aptum
738 2538 810 2584 esse
833 2523 921 2584 reote
950 2517 1061 2583 sensit.
1105 2512 1300 2582 Necessario

183 2608 292 2669 autem
313 2603 536 2670 immutandus
559 2608 629 2670 erat
650 2604 885 2686 eoniunotivus,
919 2603 972 2670 oui
999 2603 1033 2668 in
1061 2621 1100 2667 ea
1125 2620 1222 2685 quam
1244 2620 1301 2664 ex-

183 2695 312 2775 oerptor
340 2692 466 2756 efficere
492 2689 620 2756 studuit
646 2690 806 2757 sententia
832 2691 924 2757 loeus
950 2711 1013 2756 non
1039 2691 1118 2753 erat.
1167 2685 1218 2751 Ex
1244 2706 1301 2751 ex-

184 2776 303 2861 oerptis
336 2775 454 2842 deinde
487 2775 702 2842 indioativum
740 2779 918 2861 sumpsisse
957 2773 1039 2840 mihi
1076 2771 1208 2838 videtur
1245 2771 1301 2855 qui

184 2863 327 2929 oodioem
355 2860 385 2928 G
412 2863 564 2927 exaravit.
615 2861 720 2929 Aliter
747 2863 786 2929 de
818 2864 879 2929 hoe
910 2862 980 2927 loeo
1012 2858 1171 2926 iudicavit
1197 2856 1300 2923 Baeh-

183 2949 321 3029 rensius,
355 2952 411 3032 qui
436 2947 648 3014 indicativum
675 2948 710 3014 in
737 2953 863 3014 textum
890 2948 1022 3032 recepit.
1069 2944 1162 3022 Quod
1188 2964 1300 3028 quam-

184 3056 281 3120 quam
303 3035 382 3101 ferri
404 3038 525 3118 posset,
549 3037 612 3101 etsi
636 3035 747 3101 breves
763 3035 844 3101 tales
860 3034 1039 3102 sententiae
1055 3031 1135 3098 mihi
1152 3031 1302 3096 videntur

185 3122 307 3187 alienae
330 3141 401 3187 1111
424 3141 443 3185 a
463 3119 585 3187 Tibulli
607 3126 686 3202 arte,
709 3125 819 3186 tamen
842 3122 1004 3204 egregiam
1027 3117 1175 3184 oodioum
1199 3117 1301 3199 serip-

183 3211 302 3288 turam,
324 3208 357 3272 in
378 3227 442 3291 qua
462 3206 566 3273 multo
587 3209 692 3273 maior
716 3209 763 3272 111
786 3207 892 3273 inesse
915 3206 996 3271 mihi
1012 3204 1149 3281 videtur,
1172 3221 1300 3286 quaque

185 3293 254 3360 sola
287 3294 442 3378 asyndeto
475 3314 536 3358 sua
573 3294 623 3371 vis
657 3293 823 3373 tribuitur,
857 3312 945 3357 mero
980 3310 1057 3356 oasu
1092 3290 1195 3353 ortam
1229 3307 1301 3354 esse

184 3379 265 3446 mihi
288 3401 353 3532 nlon
374 3379 505 3528 vid3etur
526 3380 596 3445 veri
619 3380 735 3445 simile.

269 3467 322 3547 ll,
346 3467 417 3547 6,1

283 3567 286 3570 ’
334 3552 392 3617 1111
415 3552 494 3617 facit
517 3550 600 3617 dites
609 3547 634 3631 ¹)
657 3550 783 3615 animos
806 3546 896 3627 deus,
919 3545 976 3611 ille
998 3546 1139 3612 ieronem

387 3637 533 3704 eontudit
555 3639 589 3702 et
611 3635 761 3702 dominae
784 3633 876 3700 misit
897 3632 932 3698 in
955 3631 1137 3714 arbitrium,

336 3722 508 3790 Armenias
531 3725 632 3805 tigres
656 3726 689 3788 et
711 3721 816 3788 fulvas
839 3720 895 3786 ille
916 3719 1044 3786 leaenas

386 3810 466 3877 vieit
488 3813 523 3877 et
542 3809 711 3875 indomitis
732 3806 844 3874 mollia
865 3805 963 3874 eorda
985 3804 1083 3872 dedit.

273 4015 292 4082 1)
311 4016 458 4070 Admodum
482 4013 655 4082 probabiliter
675 4013 778 4066 ridetur
799 4011 864 4064 mihi
887 4011 996 4079 Lipsius
1019 4002 1130 4075 „mites“
1149 4003 1302 4059 coniecisse.
