<?xml version="1.0" encoding="UTF-8"?>
<!DOCTYPE html PUBLIC "-//W3C//DTD XHTML 1.0 Transitional//EN"
    "http://www.w3.org/TR/xhtml1/DTD/xhtml1-transitional.dtd">
<html xmlns="http://www.w3.org/1999/xhtml" xml:lang="en" lang="en">
 <head>
  <title>
</title>
<meta http-equiv="Content-Type" content="text/html;charset=utf-8" />
  <meta name='ocr-system' content='tesseract 3.04.00' />
  <meta name='ocr-capabilities' content='ocr_page ocr_carea ocr_par ocr_line ocrx_word'/>
</head>
<body>
  <div class='ocr_page' id='page_1' title='image "./detibullicodici00rothgoog_0035.png"; bbox 0 0 2988 4564; ppageno 0'>
   <div class='ocr_carea' id='block_1_1' title="bbox 535 275 837 353">
    <p class='ocr_par' dir='ltr' id='par_1_1' title="bbox 535 275 837 353">
     <span class='ocr_line' id='line_1_1' title="bbox 535 275 837 353; baseline -0.003 -13"><span class='ocrx_word' id='word_1_1' title='bbox 535 275 837 353; x_wconf 13' lang='lat' dir='ltr'>v-al-</span> 
     </span>
    </p>
   </div>
   <div class='ocr_carea' id='block_1_2' title="bbox 166 459 1287 636">
    <p class='ocr_par' dir='ltr' id='par_1_2' title="bbox 166 459 1287 636">
     <span class='ocr_line' id='line_1_2' title="bbox 166 459 1285 549; baseline 0.004 -23"><span class='ocrx_word' id='word_1_2' title='bbox 166 459 347 549; x_wconf 83' lang='lat' dir='ltr'>publicavit</span> <span class='ocrx_word' id='word_1_3' title='bbox 372 464 406 530; x_wconf 92' lang='lat' dir='ltr'>in</span> <span class='ocrx_word' id='word_1_4' title='bbox 432 463 591 547; x_wconf 86' lang='lat' dir='ltr'>Philologi</span> <span class='ocrx_word' id='word_1_5' title='bbox 616 464 781 530; x_wconf 85' lang='lat' dir='ltr'>volumine</span> <span class='ocrx_word' id='word_1_6' title='bbox 806 461 938 530; x_wconf 83' lang='lat' dir='ltr'><strong>XXVII.</strong></span> <span class='ocrx_word' id='word_1_7' title='bbox 989 462 1059 531; x_wconf 89' lang='lat' dir='ltr'>Hoc</span> <span class='ocrx_word' id='word_1_8' title='bbox 1091 485 1174 530; x_wconf 88' lang='lat' dir='ltr'>novo</span> <span class='ocrx_word' id='word_1_9' title='bbox 1208 464 1285 531; x_wconf 90' lang='lat' dir='ltr'>sub-</span> 
     </span>
     <span class='ocr_line' id='line_1_3' title="bbox 167 545 1287 636; baseline 0.003 -23"><span class='ocrx_word' id='word_1_10' title='bbox 167 545 251 614; x_wconf 89' lang='lat' dir='ltr'>sidio</span> <span class='ocrx_word' id='word_1_11' title='bbox 272 549 326 615; x_wconf 88' lang='lat' dir='ltr'>usi</span> <span class='ocrx_word' id='word_1_12' title='bbox 349 554 436 631; x_wconf 85' lang='lat' dir='ltr'>sunt,</span> <span class='ocrx_word' id='word_1_13' title='bbox 459 552 517 634; x_wconf 90' lang='lat' dir='ltr'>qui</span> <span class='ocrx_word' id='word_1_14' title='bbox 538 553 654 636; x_wconf 90' lang='lat' dir='ltr'>postea</span> <span class='ocrx_word' id='word_1_15' title='bbox 676 550 716 617; x_wconf 89' lang='lat' dir='ltr'>de</span> <span class='ocrx_word' id='word_1_16' title='bbox 739 551 800 616; x_wconf 92' lang='lat' dir='ltr'>hac</span> <span class='ocrx_word' id='word_1_17' title='bbox 822 571 857 616; x_wconf 92' lang='lat' dir='ltr'>re</span> <span class='ocrx_word' id='word_1_18' title='bbox 880 554 1025 634; x_wconf 86' lang='lat' dir='ltr'>egerunt,</span> <span class='ocrx_word' id='word_1_19' title='bbox 1053 549 1230 618; x_wconf 79' lang='lat' dir='ltr'>Muellerus</span> <span class='ocrx_word' id='word_1_20' title='bbox 1253 554 1287 617; x_wconf 91' lang='lat' dir='ltr'>et</span> 
     </span>
    </p>
   </div>
   <div class='ocr_carea' id='block_1_3' title="bbox 166 632 1407 722">
    <p class='ocr_par' dir='ltr' id='par_1_3' title="bbox 166 632 1407 722">
     <span class='ocr_line' id='line_1_4' title="bbox 166 632 1407 722; baseline 0.004 -23"><span class='ocrx_word' id='word_1_21' title='bbox 166 632 344 702; x_wconf 86' lang='lat' dir='ltr'>Protzenus</span> <span class='ocrx_word' id='word_1_22' title='bbox 380 636 414 701; x_wconf 90' lang='lat' dir='ltr'>in</span> <span class='ocrx_word' id='word_1_23' title='bbox 451 636 731 703; x_wconf 70' lang='lat' dir='ltr'>dissertationibus</span> <span class='ocrx_word' id='word_1_24' title='bbox 773 656 872 722; x_wconf 85' lang='lat' dir='ltr'>supra</span> <span class='ocrx_word' id='word_1_25' title='bbox 907 639 1176 705; x_wconf 89' lang='lat' dir='ltr'>commemoratis.</span> <span class='ocrx_word' id='word_1_26' title='bbox 1236 637 1286 704; x_wconf 87' lang='lat' dir='ltr'>Ao</span> <span class='ocrx_word' id='word_1_27' title='bbox 1394 674 1407 684; x_wconf 87' lang='lat'>-</span> 
     </span>
    </p>
   </div>
   <div class='ocr_carea' id='block_1_4' title="bbox 164 718 1287 3649">
    <p class='ocr_par' dir='ltr' id='par_1_4' title="bbox 165 718 1287 2526">
     <span class='ocr_line' id='line_1_5' title="bbox 165 718 1287 811; baseline 0.003 -24"><span class='ocrx_word' id='word_1_28' title='bbox 165 718 344 787; x_wconf 82' lang='lat' dir='ltr'>Muellerus</span> <span class='ocrx_word' id='word_1_29' title='bbox 372 722 513 806; x_wconf 82' lang='lat' dir='ltr'>quidem,</span> <span class='ocrx_word' id='word_1_30' title='bbox 541 723 664 808; x_wconf 88' lang='lat' dir='ltr'>quide</span> <span class='ocrx_word' id='word_1_31' title='bbox 692 724 885 790; x_wconf 87' lang='lat' dir='ltr'>auctoritate</span> <span class='ocrx_word' id='word_1_32' title='bbox 907 726 1036 790; x_wconf 85' lang='lat' dir='ltr'>tantum</span> <span class='ocrx_word' id='word_1_33' title='bbox 1059 727 1287 811; x_wconf 78' lang='lat' dir='ltr'>excerptorum</span> 
     </span>
     <span class='ocr_line' id='line_1_6' title="bbox 167 805 1285 894; baseline 0.004 -23"><span class='ocrx_word' id='word_1_34' title='bbox 167 805 243 888; x_wconf 80' lang='lat' dir='ltr'>egit,</span> <span class='ocrx_word' id='word_1_35' title='bbox 268 809 418 890; x_wconf 91' lang='lat' dir='ltr'>quoniam</span> <span class='ocrx_word' id='word_1_36' title='bbox 442 809 546 875; x_wconf 90' lang='lat' dir='ltr'>multa</span> <span class='ocrx_word' id='word_1_37' title='bbox 571 810 668 875; x_wconf 90' lang='lat' dir='ltr'>iniis</span> <span class='ocrx_word' id='word_1_38' title='bbox 690 812 817 875; x_wconf 86' lang='lat' dir='ltr'>mutata</span> <span class='ocrx_word' id='word_1_39' title='bbox 838 829 909 876; x_wconf 90' lang='grc'><strong>1111</strong></span> <span class='ocrx_word' id='word_1_40' title='bbox 930 809 1022 891; x_wconf 86' lang='lat' dir='ltr'>vidit,</span> <span class='ocrx_word' id='word_1_41' title='bbox 1050 829 1132 894; x_wconf 91' lang='lat' dir='ltr'>quae</span> <span class='ocrx_word' id='word_1_42' title='bbox 1154 831 1207 878; x_wconf 91' lang='lat' dir='ltr'>res</span> <span class='ocrx_word' id='word_1_43' title='bbox 1228 830 1285 876; x_wconf 89' lang='lat' dir='ltr'>ne-</span> 
     </span>
     <span class='ocr_line' id='line_1_7' title="bbox 166 893 1286 981; baseline 0.004 -24"><span class='ocrx_word' id='word_1_44' title='bbox 166 894 237 973; x_wconf 87' lang='lat' dir='ltr'>gari</span> <span class='ocrx_word' id='word_1_45' title='bbox 258 893 347 960; x_wconf 90' lang='lat' dir='ltr'>nullo</span> <span class='ocrx_word' id='word_1_46' title='bbox 369 894 465 960; x_wconf 90' lang='lat' dir='ltr'>modo</span> <span class='ocrx_word' id='word_1_47' title='bbox 487 899 606 981; x_wconf 71' lang='lat' dir='ltr'>potest</span> <span class='ocrx_word' id='word_1_48' title='bbox 630 896 741 962; x_wconf 89' lang='lat' dir='ltr'>statim</span> <span class='ocrx_word' id='word_1_49' title='bbox 766 916 893 962; x_wconf 91' lang='lat' dir='ltr'>omnem</span> <span class='ocrx_word' id='word_1_50' title='bbox 916 897 1145 963; x_wconf 89' lang='lat' dir='ltr'>auctoritatem</span> <span class='ocrx_word' id='word_1_51' title='bbox 1166 897 1207 963; x_wconf 89' lang='lat' dir='ltr'>iis</span> <span class='ocrx_word' id='word_1_52' title='bbox 1230 897 1286 962; x_wconf 91' lang='lat' dir='ltr'>ab·</span> 
     </span>
     <span class='ocr_line' id='line_1_8' title="bbox 166 977 1286 1067; baseline 0.004 -25"><span class='ocrx_word' id='word_1_53' title='bbox 166 977 373 1046; x_wconf 90' lang='lat' dir='ltr'>iudicandam</span> <span class='ocrx_word' id='word_1_54' title='bbox 387 979 638 1063; x_wconf 76' lang='lat' dir='ltr'>essecensuit.1)</span> <span class='ocrx_word' id='word_1_55' title='bbox 663 980 781 1048; x_wconf 77' lang='lat' dir='ltr'>Contra</span> <span class='ocrx_word' id='word_1_56' title='bbox 792 981 969 1049; x_wconf 90' lang='lat' dir='ltr'>Protzeuns</span> <span class='ocrx_word' id='word_1_57' title='bbox 981 984 1015 1048; x_wconf 92' lang='grc'>11</span> <span class='ocrx_word' id='word_1_58' title='bbox 1027 982 1087 1048; x_wconf 90' lang='lat' dir='ltr'>hac</span> <span class='ocrx_word' id='word_1_59' title='bbox 1100 984 1286 1067; x_wconf 84' lang='lat' dir='ltr'>quaestione</span> 
     </span>
     <span class='ocr_line' id='line_1_9' title="bbox 167 1063 1285 1152; baseline 0.004 -23"><span class='ocrx_word' id='word_1_60' title='bbox 167 1063 281 1130; x_wconf 89' lang='lat' dir='ltr'>eodem</span> <span class='ocrx_word' id='word_1_61' title='bbox 303 1066 399 1133; x_wconf 91' lang='lat' dir='ltr'>modo</span> <span class='ocrx_word' id='word_1_62' title='bbox 423 1086 486 1152; x_wconf 90' lang='lat' dir='ltr'>quo</span> <span class='ocrx_word' id='word_1_63' title='bbox 502 1068 674 1134; x_wconf 88' lang='lat' dir='ltr'>Richterus</span> <span class='ocrx_word' id='word_1_64' title='bbox 697 1088 822 1135; x_wconf 88' lang='lat' dir='ltr'>errasse</span> <span class='ocrx_word' id='word_1_65' title='bbox 843 1069 925 1135; x_wconf 91' lang='lat' dir='ltr'>mihi</span> <span class='ocrx_word' id='word_1_66' title='bbox 946 1068 1083 1135; x_wconf 83' lang='lat' dir='ltr'>ridetur.</span> <span class='ocrx_word' id='word_1_67' title='bbox 1120 1067 1285 1136; x_wconf 89' lang='lat' dir='ltr'>Postremo</span> 
     </span>
     <span class='ocr_line' id='line_1_10' title="bbox 167 1147 1286 1239; baseline 0.004 -24"><span class='ocrx_word' id='word_1_68' title='bbox 167 1147 332 1218; x_wconf 82' lang='lat' dir='ltr'>Gustavns</span> <span class='ocrx_word' id='word_1_69' title='bbox 364 1151 537 1239; x_wconf 82' lang='lat' dir='ltr'>Meynkins</span> <span class='ocrx_word' id='word_1_70' title='bbox 571 1155 711 1221; x_wconf 89' lang='lat' dir='ltr'>alterum</span> <span class='ocrx_word' id='word_1_71' title='bbox 747 1154 892 1221; x_wconf 90' lang='lat' dir='ltr'>codicem</span> <span class='ocrx_word' id='word_1_72' title='bbox 923 1153 1118 1235; x_wconf 87' lang='lat' dir='ltr'>Parisinum,</span> <span class='ocrx_word' id='word_1_73' title='bbox 1150 1175 1189 1221; x_wconf 92' lang='lat' dir='ltr'>eo</span> <span class='ocrx_word' id='word_1_74' title='bbox 1222 1173 1286 1238; x_wconf 89' lang='lat' dir='ltr'>quo</span> 
     </span>
     <span class='ocr_line' id='line_1_11' title="bbox 166 1235 1286 1324; baseline 0.004 -23"><span class='ocrx_word' id='word_1_75' title='bbox 166 1235 369 1305; x_wconf 85' lang='lat' dir='ltr'>Woelfflinus</span> <span class='ocrx_word' id='word_1_76' title='bbox 395 1259 474 1305; x_wconf 89' lang='lat' dir='ltr'>usus</span> <span class='ocrx_word' id='word_1_77' title='bbox 500 1245 571 1306; x_wconf 89' lang='lat' dir='ltr'>erat</span> <span class='ocrx_word' id='word_1_78' title='bbox 591 1241 687 1324; x_wconf 90' lang='lat' dir='ltr'>paulo</span> <span class='ocrx_word' id='word_1_79' title='bbox 710 1242 810 1306; x_wconf 91' lang='lat' dir='ltr'>etiam</span> <span class='ocrx_word' id='word_1_80' title='bbox 830 1242 1042 1307; x_wconf 84' lang='lat' dir='ltr'>vetustiorem</span> <span class='ocrx_word' id='word_1_81' title='bbox 1065 1244 1098 1305; x_wconf 91' lang='grc'>11</span> <span class='ocrx_word' id='word_1_82' title='bbox 1118 1241 1286 1306; x_wconf 88' lang='lat' dir='ltr'>meliorem</span> 
     </span>
     <span class='ocr_line' id='line_1_12' title="bbox 166 1322 1286 1411; baseline 0.004 -24"><span class='ocrx_word' id='word_1_83' title='bbox 166 1322 316 1390; x_wconf 85' lang='lat' dir='ltr'>adhibuit</span> <span class='ocrx_word' id='word_1_84' title='bbox 344 1328 377 1390; x_wconf 88' lang='lat' dir='ltr'>et-</span> <span class='ocrx_word' id='word_1_85' title='bbox 403 1329 556 1411; x_wconf 87' lang='lat' dir='ltr'>excerpta</span> <span class='ocrx_word' id='word_1_86' title='bbox 578 1326 763 1393; x_wconf 89' lang='lat' dir='ltr'>Tibulliana</span> <span class='ocrx_word' id='word_1_87' title='bbox 790 1346 872 1411; x_wconf 86' lang='lat' dir='ltr'>quae</span> <span class='ocrx_word' id='word_1_88' title='bbox 898 1327 948 1392; x_wconf 88' lang='lat' dir='ltr'>his</span> <span class='ocrx_word' id='word_1_89' title='bbox 976 1327 1143 1393; x_wconf 90' lang='lat' dir='ltr'>codicibus</span> <span class='ocrx_word' id='word_1_90' title='bbox 1165 1326 1286 1392; x_wconf 88' lang='lat' dir='ltr'>tradita</span> 
     </span>
     <span class='ocr_line' id='line_1_13' title="bbox 167 1410 1286 1497; baseline 0.004 -23"><span class='ocrx_word' id='word_1_91' title='bbox 167 1412 243 1475; x_wconf 89' lang='lat' dir='ltr'>sunt</span> <span class='ocrx_word' id='word_1_92' title='bbox 269 1410 303 1489; x_wconf 83' lang='lat' dir='ltr'>in</span> <span class='ocrx_word' id='word_1_93' title='bbox 328 1412 436 1478; x_wconf 85' lang='lat' dir='ltr'>musei</span> <span class='ocrx_word' id='word_1_94' title='bbox 457 1412 604 1491; x_wconf 85' lang='lat' dir='ltr'>Rhenani</span> <span class='ocrx_word' id='word_1_95' title='bbox 629 1414 792 1479; x_wconf 88' lang='lat' dir='ltr'>volumine</span> <span class='ocrx_word' id='word_1_96' title='bbox 814 1411 908 1478; x_wconf 84' lang='lat' dir='ltr'>XXV</span> <span class='ocrx_word' id='word_1_97' title='bbox 930 1413 1173 1478; x_wconf 88' lang='lat' dir='ltr'>accuratissime</span> <span class='ocrx_word' id='word_1_98' title='bbox 1196 1413 1286 1497; x_wconf 85' lang='lat' dir='ltr'>typis</span> 
     </span>
     <span class='ocr_line' id='line_1_14' title="bbox 166 1495 1284 1582; baseline 0.003 -22"><span class='ocrx_word' id='word_1_99' title='bbox 166 1495 213 1560; x_wconf 89' lang='lat' dir='ltr'>ita</span> <span class='ocrx_word' id='word_1_100' title='bbox 234 1498 508 1582; x_wconf 89' lang='lat' dir='ltr'>repraesentanda</span> <span class='ocrx_word' id='word_1_101' title='bbox 530 1499 655 1565; x_wconf 84' lang='lat' dir='ltr'>curavit</span> <span class='ocrx_word' id='word_1_102' title='bbox 676 1503 715 1565; x_wconf 89' lang='lat' dir='ltr'>ut</span> <span class='ocrx_word' id='word_1_103' title='bbox 737 1498 855 1582; x_wconf 88' lang='lat' dir='ltr'>quibus</span> <span class='ocrx_word' id='word_1_104' title='bbox 877 1497 997 1563; x_wconf 87' lang='lat' dir='ltr'>Tibulli</span> <span class='ocrx_word' id='word_1_105' title='bbox 1019 1498 1168 1563; x_wconf 89' lang='lat' dir='ltr'>versibus</span> <span class='ocrx_word' id='word_1_106' title='bbox 1186 1519 1284 1564; x_wconf 89' lang='lat' dir='ltr'>unam</span> 
     </span>
     <span class='ocr_line' id='line_1_15' title="bbox 167 1582 1285 1669; baseline 0.003 -23"><span class='ocrx_word' id='word_1_107' title='bbox 167 1583 357 1649; x_wconf 89' lang='lat' dir='ltr'>sententiam</span> <span class='ocrx_word' id='word_1_108' title='bbox 390 1585 475 1650; x_wconf 88' lang='lat' dir='ltr'>effici</span> <span class='ocrx_word' id='word_1_109' title='bbox 502 1586 642 1651; x_wconf 82' lang='lat' dir='ltr'>voluerit</span> <span class='ocrx_word' id='word_1_110' title='bbox 664 1589 844 1669; x_wconf 82' lang='lat' dir='ltr'>excerptor,</span> <span class='ocrx_word' id='word_1_111' title='bbox 872 1582 958 1667; x_wconf 90' lang='lat' dir='ltr'>qnod</span> <span class='ocrx_word' id='word_1_112' title='bbox 979 1583 1067 1649; x_wconf 90' lang='lat' dir='ltr'>haud</span> <span class='ocrx_word' id='word_1_113' title='bbox 1086 1585 1195 1668; x_wconf 88' lang='lat' dir='ltr'>exigui</span> <span class='ocrx_word' id='word_1_114' title='bbox 1217 1605 1285 1649; x_wconf 91' lang='lat' dir='ltr'>mo-</span> 
     </span>
     <span class='ocr_line' id='line_1_16' title="bbox 166 1669 1285 1757; baseline 0.004 -25"><span class='ocrx_word' id='word_1_115' title='bbox 166 1669 267 1733; x_wconf 88' lang='lat' dir='ltr'>menti</span> <span class='ocrx_word' id='word_1_116' title='bbox 289 1673 339 1735; x_wconf 90' lang='grc'>111</span> <span class='ocrx_word' id='word_1_117' title='bbox 361 1670 402 1736; x_wconf 89' lang='lat' dir='ltr'>ad</span> <span class='ocrx_word' id='word_1_118' title='bbox 418 1675 643 1757; x_wconf 76' lang='lat' dir='ltr'>excerptorum</span> <span class='ocrx_word' id='word_1_119' title='bbox 658 1674 808 1737; x_wconf 89' lang='lat' dir='ltr'>naturam</span> <span class='ocrx_word' id='word_1_120' title='bbox 824 1670 1088 1752; x_wconf 84' lang='lat' dir='ltr'>cognoscendam,</span> <span class='ocrx_word' id='word_1_121' title='bbox 1109 1671 1175 1737; x_wconf 90' lang='lat' dir='ltr'>iam</span> <span class='ocrx_word' id='word_1_122' title='bbox 1190 1671 1285 1737; x_wconf 89' lang='lat' dir='ltr'>facile</span> 
     </span>
     <span class='ocr_line' id='line_1_17' title="bbox 166 1754 1285 1842; baseline 0.004 -23"><span class='ocrx_word' id='word_1_123' title='bbox 166 1774 207 1819; x_wconf 89' lang='lat' dir='ltr'>ex</span> <span class='ocrx_word' id='word_1_124' title='bbox 230 1756 330 1837; x_wconf 90' lang='lat' dir='ltr'>siguis</span> <span class='ocrx_word' id='word_1_125' title='bbox 353 1757 386 1821; x_wconf 93' lang='lat' dir='ltr'>in</span> <span class='ocrx_word' id='word_1_126' title='bbox 402 1759 547 1839; x_wconf 83' lang='lat' dir='ltr'>margine</span> <span class='ocrx_word' id='word_1_127' title='bbox 563 1757 711 1824; x_wconf 88' lang='lat' dir='ltr'>codicum</span> <span class='ocrx_word' id='word_1_128' title='bbox 726 1755 847 1822; x_wconf 89' lang='lat' dir='ltr'>additis</span> <span class='ocrx_word' id='word_1_129' title='bbox 861 1754 1002 1842; x_wconf 88' lang='lat' dir='ltr'>perspici</span> <span class='ocrx_word' id='word_1_130' title='bbox 1017 1757 1129 1842; x_wconf 91' lang='lat' dir='ltr'>possit.</span> <span class='ocrx_word' id='word_1_131' title='bbox 1164 1756 1285 1824; x_wconf 87' lang='lat' dir='ltr'>Omnes</span> 
     </span>
     <span class='ocr_line' id='line_1_18' title="bbox 166 1842 1285 1929; baseline 0.002 -24"><span class='ocrx_word' id='word_1_132' title='bbox 166 1843 275 1907; x_wconf 89' lang='lat' dir='ltr'>antem</span> <span class='ocrx_word' id='word_1_133' title='bbox 305 1842 339 1906; x_wconf 91' lang='lat' dir='ltr'>hi</span> <span class='ocrx_word' id='word_1_134' title='bbox 364 1844 468 1909; x_wconf 88' lang='lat' dir='ltr'>fontes</span> <span class='ocrx_word' id='word_1_135' title='bbox 495 1845 616 1929; x_wconf 90' lang='lat' dir='ltr'>quique</span> <span class='ocrx_word' id='word_1_136' title='bbox 642 1847 814 1927; x_wconf 86' lang='lat' dir='ltr'>praeterea</span> <span class='ocrx_word' id='word_1_137' title='bbox 840 1846 1062 1928; x_wconf 82' lang='lat' dir='ltr'>excerptorum</span> <span class='ocrx_word' id='word_1_138' title='bbox 1087 1842 1214 1909; x_wconf 89' lang='lat' dir='ltr'>codices</span> <span class='ocrx_word' id='word_1_139' title='bbox 1236 1844 1285 1907; x_wconf 93' lang='grc'>11-</span> 
     </span>
     <span class='ocr_line' id='line_1_19' title="bbox 167 1926 1285 2014; baseline 0.005 -24"><span class='ocrx_word' id='word_1_140' title='bbox 167 1928 254 1993; x_wconf 82' lang='grc'><strong>11111</strong></span> <span class='ocrx_word' id='word_1_141' title='bbox 281 1932 357 1993; x_wconf 88' lang='grc'><strong>1111</strong></span> <span class='ocrx_word' id='word_1_142' title='bbox 383 1926 475 2009; x_wconf 86' lang='lat' dir='ltr'>(sunt</span> <span class='ocrx_word' id='word_1_143' title='bbox 500 1934 608 1997; x_wconf 90' lang='lat' dir='ltr'>autem</span> <span class='ocrx_word' id='word_1_144' title='bbox 635 1948 697 1994; x_wconf 89' lang='lat' dir='ltr'>nou</span> <span class='ocrx_word' id='word_1_145' title='bbox 720 1927 832 2012; x_wconf 88' lang='lat' dir='ltr'>pauci)</span> <span class='ocrx_word' id='word_1_146' title='bbox 851 1932 1021 2014; x_wconf 87' lang='lat' dir='ltr'>tantopere</span> <span class='ocrx_word' id='word_1_147' title='bbox 1044 1930 1129 1995; x_wconf 90' lang='lat' dir='ltr'>inter</span> <span class='ocrx_word' id='word_1_148' title='bbox 1151 1950 1185 1996; x_wconf 94' lang='lat' dir='ltr'>se</span> <span class='ocrx_word' id='word_1_149' title='bbox 1209 1950 1285 1996; x_wconf 89' lang='lat' dir='ltr'>con-</span> 
     </span>
     <span class='ocr_line' id='line_1_20' title="bbox 167 2014 1284 2101; baseline 0.003 -23"><span class='ocrx_word' id='word_1_150' title='bbox 167 2014 312 2079; x_wconf 88' lang='lat' dir='ltr'>sentiunt</span> <span class='ocrx_word' id='word_1_151' title='bbox 336 2018 376 2080; x_wconf 90' lang='lat' dir='ltr'>ut</span> <span class='ocrx_word' id='word_1_152' title='bbox 404 2014 483 2098; x_wconf 92' lang='lat' dir='ltr'>quid</span> <span class='ocrx_word' id='word_1_153' title='bbox 505 2016 576 2101; x_wconf 91' lang='lat' dir='ltr'>ipse</span> <span class='ocrx_word' id='word_1_154' title='bbox 599 2018 769 2099; x_wconf 87' lang='lat' dir='ltr'>excerptor</span> <span class='ocrx_word' id='word_1_155' title='bbox 792 2015 962 2100; x_wconf 87' lang='lat' dir='ltr'>scripserit</span> <span class='ocrx_word' id='word_1_156' title='bbox 982 2015 1035 2080; x_wconf 87' lang='lat' dir='ltr'>vel</span> <span class='ocrx_word' id='word_1_157' title='bbox 1057 2036 1097 2081; x_wconf 90' lang='lat' dir='ltr'>ex</span> <span class='ocrx_word' id='word_1_158' title='bbox 1119 2015 1196 2081; x_wconf 90' lang='lat' dir='ltr'>solis</span> <span class='ocrx_word' id='word_1_159' title='bbox 1218 2016 1284 2082; x_wconf 90' lang='lat' dir='ltr'>illis</span> 
     </span>
     <span class='ocr_line' id='line_1_21' title="bbox 166 2097 1283 2187; baseline 0.003 -24"><span class='ocrx_word' id='word_1_160' title='bbox 166 2097 323 2165; x_wconf 89' lang='lat' dir='ltr'>Parisinis</span> <span class='ocrx_word' id='word_1_161' title='bbox 347 2101 512 2167; x_wconf 83' lang='lat' dir='ltr'>codicibus</span> <span class='ocrx_word' id='word_1_162' title='bbox 534 2102 726 2185; x_wconf 88' lang='lat' dir='ltr'>plerumque</span> <span class='ocrx_word' id='word_1_163' title='bbox 748 2121 881 2186; x_wconf 88' lang='lat' dir='ltr'>prorsus</span> <span class='ocrx_word' id='word_1_164' title='bbox 904 2105 990 2167; x_wconf 87' lang='lat' dir='ltr'>certe</span> <span class='ocrx_word' id='word_1_165' title='bbox 1007 2103 1155 2183; x_wconf 83' lang='lat' dir='ltr'>cognosci</span> <span class='ocrx_word' id='word_1_166' title='bbox 1170 2103 1283 2187; x_wconf 88' lang='lat' dir='ltr'>possit.</span> 
     </span>
     <span class='ocr_line' id='line_1_22' title="bbox 165 2183 1287 2270; baseline 0.004 -21"><span class='ocrx_word' id='word_1_167' title='bbox 165 2183 277 2269; x_wconf 89' lang='lat' dir='ltr'>ltaque</span> <span class='ocrx_word' id='word_1_168' title='bbox 303 2190 391 2253; x_wconf 90' lang='lat' dir='ltr'>recte</span> <span class='ocrx_word' id='word_1_169' title='bbox 420 2187 497 2252; x_wconf 84' lang='lat' dir='ltr'>iecit</span> <span class='ocrx_word' id='word_1_170' title='bbox 518 2185 737 2252; x_wconf 88' lang='lat' dir='ltr'>Baehrensius</span> <span class='ocrx_word' id='word_1_171' title='bbox 765 2186 852 2270; x_wconf 87' lang='lat' dir='ltr'>quod</span> <span class='ocrx_word' id='word_1_172' title='bbox 878 2187 913 2251; x_wconf 92' lang='grc'>11</span> <span class='ocrx_word' id='word_1_173' title='bbox 941 2187 1145 2253; x_wconf 90' lang='lat' dir='ltr'>adnotatione</span> <span class='ocrx_word' id='word_1_174' title='bbox 1174 2189 1287 2254; x_wconf 88' lang='lat' dir='ltr'>critica</span> 
     </span>
     <span class='ocr_line' id='line_1_23' title="bbox 166 2268 1286 2340; baseline 0.004 -5"><span class='ocrx_word' id='word_1_175' title='bbox 166 2268 282 2336; x_wconf 87' lang='lat' dir='ltr'>horum</span> <span class='ocrx_word' id='word_1_176' title='bbox 304 2272 440 2338; x_wconf 82' lang='lat' dir='ltr'>duorum</span> <span class='ocrx_word' id='word_1_177' title='bbox 463 2277 590 2339; x_wconf 88' lang='lat' dir='ltr'>tantum</span> <span class='ocrx_word' id='word_1_178' title='bbox 613 2271 763 2338; x_wconf 88' lang='lat' dir='ltr'>codicum</span> <span class='ocrx_word' id='word_1_179' title='bbox 786 2273 946 2338; x_wconf 84' lang='lat' dir='ltr'>rationem</span> <span class='ocrx_word' id='word_1_180' title='bbox 968 2273 1083 2339; x_wconf 89' lang='lat' dir='ltr'>habuit</span> <span class='ocrx_word' id='word_1_181' title='bbox 1105 2277 1138 2339; x_wconf 89' lang='grc'>11</span> <span class='ocrx_word' id='word_1_182' title='bbox 1154 2273 1286 2340; x_wconf 84' lang='lat' dir='ltr'>illorum</span> 
     </span>
     <span class='ocr_line' id='line_1_24' title="bbox 167 2358 1286 2445; baseline 0.004 -23"><span class='ocrx_word' id='word_1_183' title='bbox 167 2375 294 2443; x_wconf 90' lang='lat' dir='ltr'>quoque</span> <span class='ocrx_word' id='word_1_184' title='bbox 316 2360 458 2442; x_wconf 88' lang='lat' dir='ltr'>potiores</span> <span class='ocrx_word' id='word_1_185' title='bbox 479 2362 607 2424; x_wconf 89' lang='lat' dir='ltr'>tantum</span> <span class='ocrx_word' id='word_1_186' title='bbox 629 2359 785 2425; x_wconf 90' lang='lat' dir='ltr'>lectiones</span> <span class='ocrx_word' id='word_1_187' title='bbox 805 2358 926 2440; x_wconf 68' lang='lat' dir='ltr'>attulit</span> <span class='ocrx_word' id='word_1_188' title='bbox 950 2379 1041 2426; x_wconf 90' lang='grc'><strong>1111</strong></span> <span class='ocrx_word' id='word_1_189' title='bbox 1056 2360 1137 2426; x_wconf 91' lang='lat' dir='ltr'>mihi</span> <span class='ocrx_word' id='word_1_190' title='bbox 1153 2359 1286 2445; x_wconf 89' lang='lat' dir='ltr'>quidem</span> 
     </span>
     <span class='ocr_line' id='line_1_25' title="bbox 167 2441 841 2526; baseline 0.004 -18"><span class='ocrx_word' id='word_1_191' title='bbox 167 2442 262 2509; x_wconf 88' lang='lat' dir='ltr'>aliter</span> <span class='ocrx_word' id='word_1_192' title='bbox 283 2464 353 2509; x_wconf 90' lang='lat' dir='ltr'>rem</span> <span class='ocrx_word' id='word_1_193' title='bbox 375 2446 547 2511; x_wconf 88' lang='lat' dir='ltr'>instituere</span> <span class='ocrx_word' id='word_1_194' title='bbox 568 2445 603 2510; x_wconf 92' lang='grc'>11</span> <span class='ocrx_word' id='word_1_195' title='bbox 623 2446 729 2511; x_wconf 89' lang='lat' dir='ltr'>animo</span> <span class='ocrx_word' id='word_1_196' title='bbox 751 2441 841 2526; x_wconf 65' lang='lat' dir='ltr'>esti)</span> 
     </span>
    </p>

    <p class='ocr_par' dir='ltr' id='par_1_5' title="bbox 165 2528 1285 2957">
     <span class='ocr_line' id='line_1_26' title="bbox 253 2528 1285 2615; baseline 0.002 -21"><span class='ocrx_word' id='word_1_197' title='bbox 253 2528 479 2606; x_wconf 82' lang='lat' dir='ltr'>Quaerendum</span> <span class='ocrx_word' id='word_1_198' title='bbox 495 2530 595 2613; x_wconf 89' lang='lat' dir='ltr'>igitur</span> <span class='ocrx_word' id='word_1_199' title='bbox 611 2535 662 2597; x_wconf 90' lang='lat' dir='ltr'>est</span> <span class='ocrx_word' id='word_1_200' title='bbox 676 2550 835 2615; x_wconf 87' lang='lat' dir='ltr'>quaenam</span> <span class='ocrx_word' id='word_1_201' title='bbox 858 2529 1051 2596; x_wconf 89' lang='lat' dir='ltr'>lectionibus</span> <span class='ocrx_word' id='word_1_202' title='bbox 1067 2528 1108 2594; x_wconf 92' lang='lat' dir='ltr'>ab</span> <span class='ocrx_word' id='word_1_203' title='bbox 1123 2528 1285 2615; x_wconf 86' lang='lat' dir='ltr'>excerptis</span> 
     </span>
     <span class='ocr_line' id='line_1_27' title="bbox 167 2614 1284 2700; baseline 0.002 -22"><span class='ocrx_word' id='word_1_204' title='bbox 167 2614 285 2681; x_wconf 92' lang='lat' dir='ltr'>oblatis</span> <span class='ocrx_word' id='word_1_205' title='bbox 307 2614 387 2682; x_wconf 89' lang='lat' dir='ltr'>fides</span> <span class='ocrx_word' id='word_1_206' title='bbox 410 2617 584 2683; x_wconf 88' lang='lat' dir='ltr'>tribuenda</span> <span class='ocrx_word' id='word_1_207' title='bbox 605 2619 659 2697; x_wconf 88' lang='lat' dir='ltr'>sit,</span> <span class='ocrx_word' id='word_1_208' title='bbox 682 2635 788 2700; x_wconf 89' lang='lat' dir='ltr'>neque</span> <span class='ocrx_word' id='word_1_209' title='bbox 810 2615 889 2682; x_wconf 90' lang='lat' dir='ltr'>haec</span> <span class='ocrx_word' id='word_1_210' title='bbox 914 2617 1060 2699; x_wconf 90' lang='lat' dir='ltr'>quaestio</span> <span class='ocrx_word' id='word_1_211' title='bbox 1083 2616 1195 2697; x_wconf 90' lang='lat' dir='ltr'>exigui</span> <span class='ocrx_word' id='word_1_212' title='bbox 1216 2635 1284 2681; x_wconf 93' lang='lat' dir='ltr'>mo-</span> 
     </span>
     <span class='ocr_line' id='line_1_28' title="bbox 165 2701 1285 2786; baseline 0.002 -21"><span class='ocrx_word' id='word_1_213' title='bbox 165 2701 267 2766; x_wconf 89' lang='lat' dir='ltr'>menti</span> <span class='ocrx_word' id='word_1_214' title='bbox 290 2703 349 2781; x_wconf 89' lang='lat' dir='ltr'>est,</span> <span class='ocrx_word' id='word_1_215' title='bbox 378 2702 531 2786; x_wconf 90' lang='lat' dir='ltr'>quoniam</span> <span class='ocrx_word' id='word_1_216' title='bbox 554 2703 589 2768; x_wconf 90' lang='lat' dir='ltr'>in</span> <span class='ocrx_word' id='word_1_217' title='bbox 612 2703 761 2769; x_wconf 87' lang='lat' dir='ltr'>ducentis</span> <span class='ocrx_word' id='word_1_218' title='bbox 785 2702 954 2785; x_wconf 84' lang='lat' dir='ltr'>sexaginta</span> <span class='ocrx_word' id='word_1_219' title='bbox 977 2723 1035 2769; x_wconf 88' lang='lat' dir='ltr'>sex</span> <span class='ocrx_word' id='word_1_220' title='bbox 1057 2701 1205 2768; x_wconf 90' lang='lat' dir='ltr'>versibus</span> <span class='ocrx_word' id='word_1_221' title='bbox 1227 2702 1285 2786; x_wconf 91' lang='lat' dir='ltr'>qui</span> 
     </span>
     <span class='ocr_line' id='line_1_29' title="bbox 165 2785 1284 2875; baseline 0.004 -25"><span class='ocrx_word' id='word_1_222' title='bbox 165 2785 199 2851; x_wconf 91' lang='lat' dir='ltr'>in</span> <span class='ocrx_word' id='word_1_223' title='bbox 226 2788 388 2872; x_wconf 86' lang='lat' dir='ltr'>excerptis</span> <span class='ocrx_word' id='word_1_224' title='bbox 415 2789 588 2855; x_wconf 86' lang='lat' dir='ltr'>traduntur</span> <span class='ocrx_word' id='word_1_225' title='bbox 612 2788 688 2875; x_wconf 86' lang='lat' dir='ltr'>plus</span> <span class='ocrx_word' id='word_1_226' title='bbox 716 2792 845 2855; x_wconf 90' lang='lat' dir='ltr'>centum</span> <span class='ocrx_word' id='word_1_227' title='bbox 874 2788 1054 2874; x_wconf 89' lang='lat' dir='ltr'>scripturae</span> <span class='ocrx_word' id='word_1_228' title='bbox 1078 2808 1097 2853; x_wconf 92' lang='lat' dir='ltr'>a</span> <span class='ocrx_word' id='word_1_229' title='bbox 1119 2787 1284 2854; x_wconf 87' lang='lat' dir='ltr'>codicibus</span> 
     </span>
     <span class='ocr_line' id='line_1_30' title="bbox 166 2869 594 2957; baseline 0.005 -20"><span class='ocrx_word' id='word_1_230' title='bbox 166 2869 388 2957; x_wconf 87' lang='lat' dir='ltr'>discrepantes</span> <span class='ocrx_word' id='word_1_231' title='bbox 412 2880 594 2940; x_wconf 85' lang='lat' dir='ltr'>occurrunt.</span> 
     </span>
    </p>

    <p class='ocr_par' dir='ltr' id='par_1_6' title="bbox 164 2957 1285 3649">
     <span class='ocr_line' id='line_1_31' title="bbox 250 2957 1283 3046; baseline 0.004 -23"><span class='ocrx_word' id='word_1_232' title='bbox 250 2957 317 3023; x_wconf 91' lang='lat' dir='ltr'>lam</span> <span class='ocrx_word' id='word_1_233' title='bbox 341 2981 441 3045; x_wconf 91' lang='lat' dir='ltr'>supra</span> <span class='ocrx_word' id='word_1_234' title='bbox 463 2960 532 3026; x_wconf 88' lang='lat' dir='ltr'>dixi</span> <span class='ocrx_word' id='word_1_235' title='bbox 554 2964 780 3046; x_wconf 90' lang='lat' dir='ltr'>excerptorum</span> <span class='ocrx_word' id='word_1_236' title='bbox 802 2961 1039 3041; x_wconf 82' lang='lat' dir='ltr'>auctoritatem,</span> <span class='ocrx_word' id='word_1_237' title='bbox 1063 2959 1140 3043; x_wconf 90' lang='lat' dir='ltr'>quia</span> <span class='ocrx_word' id='word_1_238' title='bbox 1162 2959 1283 3027; x_wconf 90' lang='lat' dir='ltr'>multae</span> 
     </span>
     <span class='ocr_line' id='line_1_32' title="bbox 166 3043 1285 3132; baseline 0.004 -25"><span class='ocrx_word' id='word_1_239' title='bbox 166 3043 234 3108; x_wconf 90' lang='lat' dir='ltr'>sine</span> <span class='ocrx_word' id='word_1_240' title='bbox 262 3043 360 3110; x_wconf 90' lang='lat' dir='ltr'>dubio</span> <span class='ocrx_word' id='word_1_241' title='bbox 386 3047 421 3111; x_wconf 91' lang='lat' dir='ltr'>in</span> <span class='ocrx_word' id='word_1_242' title='bbox 447 3047 488 3112; x_wconf 90' lang='lat' dir='ltr'>iis</span> <span class='ocrx_word' id='word_1_243' title='bbox 510 3047 708 3114; x_wconf 88' lang='lat' dir='ltr'>mutationes</span> <span class='ocrx_word' id='word_1_244' title='bbox 737 3048 957 3127; x_wconf 81' lang='lat' dir='ltr'>inveniuntur,</span> <span class='ocrx_word' id='word_1_245' title='bbox 984 3065 1118 3131; x_wconf 87' lang='lat' dir='ltr'>prorsus</span> <span class='ocrx_word' id='word_1_246' title='bbox 1141 3050 1285 3132; x_wconf 87' lang='lat' dir='ltr'>spretam</span> 
     </span>
     <span class='ocr_line' id='line_1_33' title="bbox 165 3129 1282 3212; baseline 0.003 -18"><span class='ocrx_word' id='word_1_247' title='bbox 165 3148 235 3195; x_wconf 87' lang='grc'><strong>1111</strong></span> <span class='ocrx_word' id='word_1_248' title='bbox 258 3150 277 3194; x_wconf 88' lang='grc'>1</span> <span class='ocrx_word' id='word_1_249' title='bbox 299 3129 466 3198; x_wconf 88' lang='lat' dir='ltr'>Muellero.</span> <span class='ocrx_word' id='word_1_250' title='bbox 512 3133 582 3211; x_wconf 83' lang='lat' dir='ltr'>Qua</span> <span class='ocrx_word' id='word_1_251' title='bbox 604 3135 638 3199; x_wconf 92' lang='grc'>11</span> <span class='ocrx_word' id='word_1_252' title='bbox 660 3155 695 3200; x_wconf 90' lang='grc'>11</span> <span class='ocrx_word' id='word_1_253' title='bbox 718 3134 801 3200; x_wconf 87' lang='lat' dir='ltr'>mihi</span> <span class='ocrx_word' id='word_1_254' title='bbox 822 3154 885 3199; x_wconf 91' lang='lat' dir='ltr'>non</span> <span class='ocrx_word' id='word_1_255' title='bbox 908 3134 995 3197; x_wconf 87' lang='lat' dir='ltr'>recte</span> <span class='ocrx_word' id='word_1_256' title='bbox 1019 3131 1124 3212; x_wconf 90' lang='lat' dir='ltr'>egisse</span> <span class='ocrx_word' id='word_1_257' title='bbox 1144 3131 1282 3198; x_wconf 84' lang='lat' dir='ltr'>videtur.</span> 
     </span>
     <span class='ocr_line' id='line_1_34' title="bbox 166 3213 1283 3306; baseline 0.003 -27"><span class='ocrx_word' id='word_1_258' title='bbox 166 3213 393 3300; x_wconf 85' lang='lat' dir='ltr'>Quaecumque</span> <span class='ocrx_word' id='word_1_259' title='bbox 427 3219 511 3285; x_wconf 89' lang='lat' dir='ltr'>enim</span> <span class='ocrx_word' id='word_1_260' title='bbox 544 3225 714 3306; x_wconf 91' lang='lat' dir='ltr'>excerptor</span> <span class='ocrx_word' id='word_1_261' title='bbox 740 3239 797 3285; x_wconf 91' lang='lat' dir='ltr'>suo</span> <span class='ocrx_word' id='word_1_262' title='bbox 826 3217 960 3285; x_wconf 90' lang='lat' dir='ltr'>consilio</span> <span class='ocrx_word' id='word_1_263' title='bbox 989 3217 1107 3283; x_wconf 88' lang='lat' dir='ltr'>ductus</span> <span class='ocrx_word' id='word_1_264' title='bbox 1134 3220 1283 3297; x_wconf 87' lang='lat' dir='ltr'>mutavit,</span> 
     </span>
     <span class='ocr_line' id='line_1_35' title="bbox 164 3303 1285 3391; baseline 0.006 -26"><span class='ocrx_word' id='word_1_265' title='bbox 164 3304 275 3368; x_wconf 89' lang='lat' dir='ltr'>tamen</span> <span class='ocrx_word' id='word_1_266' title='bbox 296 3324 428 3370; x_wconf 89' lang='lat' dir='ltr'>necesse</span> <span class='ocrx_word' id='word_1_267' title='bbox 451 3310 502 3371; x_wconf 91' lang='lat' dir='ltr'>est</span> <span class='ocrx_word' id='word_1_268' title='bbox 516 3310 669 3391; x_wconf 88' lang='lat' dir='ltr'>excerpta</span> <span class='ocrx_word' id='word_1_269' title='bbox 690 3327 730 3371; x_wconf 93' lang='lat' dir='ltr'>ex</span> <span class='ocrx_word' id='word_1_270' title='bbox 750 3307 875 3388; x_wconf 91' lang='lat' dir='ltr'>integro</span> <span class='ocrx_word' id='word_1_271' title='bbox 890 3303 1012 3370; x_wconf 85' lang='lat' dir='ltr'>Tibulli</span> <span class='ocrx_word' id='word_1_272' title='bbox 1027 3303 1137 3369; x_wconf 87' lang='lat' dir='ltr'>codice</span> <span class='ocrx_word' id='word_1_273' title='bbox 1154 3310 1285 3390; x_wconf 84' lang='lat' dir='ltr'>sumpta</span> 
     </span>
     <span class='ocr_line' id='line_1_36' title="bbox 165 3389 1283 3475; baseline 0.003 -23"><span class='ocrx_word' id='word_1_274' title='bbox 165 3407 244 3469; x_wconf 90' lang='lat' dir='ltr'>esse,</span> <span class='ocrx_word' id='word_1_275' title='bbox 268 3391 324 3473; x_wconf 86' lang='lat' dir='ltr'>qui</span> <span class='ocrx_word' id='word_1_276' title='bbox 347 3391 388 3456; x_wconf 92' lang='lat' dir='ltr'>iis</span> <span class='ocrx_word' id='word_1_277' title='bbox 411 3392 467 3475; x_wconf 91' lang='lat' dir='ltr'>qui</span> <span class='ocrx_word' id='word_1_278' title='bbox 488 3397 618 3459; x_wconf 89' lang='lat' dir='ltr'>exstant</span> <span class='ocrx_word' id='word_1_279' title='bbox 639 3392 708 3458; x_wconf 92' lang='lat' dir='ltr'>sine</span> <span class='ocrx_word' id='word_1_280' title='bbox 725 3391 823 3457; x_wconf 90' lang='lat' dir='ltr'>dubio</span> <span class='ocrx_word' id='word_1_281' title='bbox 839 3390 940 3456; x_wconf 91' lang='lat' dir='ltr'>multo</span> <span class='ocrx_word' id='word_1_282' title='bbox 956 3389 1123 3470; x_wconf 82' lang='lat' dir='ltr'>vetustior,</span> <span class='ocrx_word' id='word_1_283' title='bbox 1146 3392 1283 3458; x_wconf 86' lang='lat' dir='ltr'>fortasse</span> 
     </span>
     <span class='ocr_line' id='line_1_37' title="bbox 165 3474 1283 3562; baseline 0.001 -22"><span class='ocrx_word' id='word_1_284' title='bbox 165 3475 263 3541; x_wconf 89' lang='lat' dir='ltr'>etiam</span> <span class='ocrx_word' id='word_1_285' title='bbox 286 3477 401 3542; x_wconf 87' lang='lat' dir='ltr'>melior</span> <span class='ocrx_word' id='word_1_286' title='bbox 423 3481 500 3543; x_wconf 91' lang='lat' dir='ltr'>erat.</span> <span class='ocrx_word' id='word_1_287' title='bbox 534 3478 648 3562; x_wconf 89' lang='lat' dir='ltr'>ltaque</span> <span class='ocrx_word' id='word_1_288' title='bbox 671 3478 737 3543; x_wconf 90' lang='lat' dir='ltr'>iam</span> <span class='ocrx_word' id='word_1_289' title='bbox 761 3477 800 3543; x_wconf 88' lang='lat' dir='ltr'>de</span> <span class='ocrx_word' id='word_1_290' title='bbox 816 3477 906 3542; x_wconf 91' lang='lat' dir='ltr'>illius</span> <span class='ocrx_word' id='word_1_291' title='bbox 922 3474 1041 3541; x_wconf 89' lang='lat' dir='ltr'>codicis</span> <span class='ocrx_word' id='word_1_292' title='bbox 1057 3480 1175 3542; x_wconf 89' lang='lat' dir='ltr'>natura</span> <span class='ocrx_word' id='word_1_293' title='bbox 1188 3477 1283 3543; x_wconf 91' lang='lat' dir='ltr'>nobis</span> 
     </span>
     <span class='ocr_line' id='line_1_38' title="bbox 164 3562 1282 3649; baseline 0.001 -20"><span class='ocrx_word' id='word_1_294' title='bbox 164 3563 382 3648; x_wconf 89' lang='lat' dir='ltr'>quaerendum</span> <span class='ocrx_word' id='word_1_295' title='bbox 411 3568 470 3645; x_wconf 84' lang='lat' dir='ltr'>est,</span> <span class='ocrx_word' id='word_1_296' title='bbox 497 3563 584 3649; x_wconf 90' lang='lat' dir='ltr'>quod</span> <span class='ocrx_word' id='word_1_297' title='bbox 609 3565 679 3630; x_wconf 90' lang='lat' dir='ltr'>fieri</span> <span class='ocrx_word' id='word_1_298' title='bbox 705 3584 769 3629; x_wconf 89' lang='lat' dir='ltr'>non</span> <span class='ocrx_word' id='word_1_299' title='bbox 797 3567 906 3649; x_wconf 90' lang='lat' dir='ltr'>potest</span> <span class='ocrx_word' id='word_1_300' title='bbox 933 3562 999 3629; x_wconf 91' lang='grc'><strong>1111</strong></span> <span class='ocrx_word' id='word_1_301' title='bbox 1025 3563 1117 3647; x_wconf 90' lang='lat' dir='ltr'>prius</span> <span class='ocrx_word' id='word_1_302' title='bbox 1144 3564 1223 3648; x_wconf 93' lang='lat' dir='ltr'>quid</span> <span class='ocrx_word' id='word_1_303' title='bbox 1249 3565 1282 3630; x_wconf 91' lang='lat' dir='ltr'>in</span> 
     </span>
    </p>
   </div>
   <div class='ocr_carea' id='block_1_5' title="bbox 164 3731 1282 4075">
    <p class='ocr_par' dir='ltr' id='par_1_7' title="bbox 164 3731 1282 3938">
     <span class='ocr_line' id='line_1_39' title="bbox 235 3731 1281 3800; baseline -0.001 -13"><span class='ocrx_word' id='word_1_304' title='bbox 235 3731 253 3798; x_wconf 83' lang='lat'>¹)</span> <span class='ocrx_word' id='word_1_305' title='bbox 272 3734 369 3787; x_wconf 89' lang='lat' dir='ltr'>Postea</span> <span class='ocrx_word' id='word_1_306' title='bbox 387 3734 416 3787; x_wconf 89' lang='grc'>11</span> <span class='ocrx_word' id='word_1_307' title='bbox 436 3732 559 3786; x_wconf 89' lang='lat' dir='ltr'>editionis</span> <span class='ocrx_word' id='word_1_308' title='bbox 577 3731 741 3800; x_wconf 82' lang='lat' dir='ltr'>praefatione</span> <span class='ocrx_word' id='word_1_309' title='bbox 758 3746 819 3800; x_wconf 83' lang='lat' dir='ltr'>pag.</span> <span class='ocrx_word' id='word_1_310' title='bbox 837 3732 900 3798; x_wconf 80' lang='grc' dir='ltr'>ΧΠ,</span> <span class='ocrx_word' id='word_1_311' title='bbox 919 3749 978 3786; x_wconf 89' lang='lat' dir='ltr'>oum</span> <span class='ocrx_word' id='word_1_312' title='bbox 996 3734 1105 3787; x_wconf 85' lang='lat' dir='ltr'>eandem</span> <span class='ocrx_word' id='word_1_313' title='bbox 1125 3735 1281 3787; x_wconf 84' lang='lat' dir='ltr'>sententiam</span> 
     </span>
     <span class='ocr_line' id='line_1_40' title="bbox 164 3801 1282 3870; baseline 0.002 -17"><span class='ocrx_word' id='word_1_314' title='bbox 164 3802 325 3868; x_wconf 74' lang='lat' dir='ltr'>protulisset,</span> <span class='ocrx_word' id='word_1_315' title='bbox 343 3802 446 3855; x_wconf 86' lang='lat' dir='ltr'>addidit</span> <span class='ocrx_word' id='word_1_316' title='bbox 457 3806 546 3854; x_wconf 82' lang='grc'><strong>111111</strong></span> <span class='ocrx_word' id='word_1_317' title='bbox 557 3817 611 3854; x_wconf 89' lang='grc'>111</span> <span class='ocrx_word' id='word_1_318' title='bbox 622 3802 695 3854; x_wconf 87' lang='grc'><strong>11111</strong></span> <span class='ocrx_word' id='word_1_319' title='bbox 707 3801 826 3870; x_wconf 85' lang='lat' dir='ltr'>exempla</span> <span class='ocrx_word' id='word_1_320' title='bbox 838 3803 993 3868; x_wconf 85' lang='lat' dir='ltr'>excipienda</span> <span class='ocrx_word' id='word_1_321' title='bbox 1006 3818 1064 3855; x_wconf 88' lang='lat' dir='ltr'>esse</span> <span class='ocrx_word' id='word_1_322' title='bbox 1084 3803 1180 3870; x_wconf 89' lang='lat' dir='ltr'>quibus</span> <span class='ocrx_word' id='word_1_323' title='bbox 1192 3819 1282 3855; x_wconf 87' lang='lat' dir='ltr'>rernm</span> 
     </span>
     <span class='ocr_line' id='line_1_41' title="bbox 164 3870 1017 3938; baseline 0.001 -16"><span class='ocrx_word' id='word_1_324' title='bbox 164 3870 222 3922; x_wconf 88' lang='lat' dir='ltr'>sine</span> <span class='ocrx_word' id='word_1_325' title='bbox 239 3871 294 3923; x_wconf 91' lang='lat' dir='ltr'>nlla</span> <span class='ocrx_word' id='word_1_326' title='bbox 311 3870 411 3923; x_wconf 85' lang='lat' dir='ltr'>fraudis</span> <span class='ocrx_word' id='word_1_327' title='bbox 430 3870 581 3937; x_wconf 85' lang='lat' dir='ltr'>suspicione</span> <span class='ocrx_word' id='word_1_328' title='bbox 599 3870 628 3922; x_wconf 88' lang='grc'>11</span> <span class='ocrx_word' id='word_1_329' title='bbox 647 3872 778 3938; x_wconf 87' lang='lat' dir='ltr'>excerptis</span> <span class='ocrx_word' id='word_1_330' title='bbox 796 3871 921 3922; x_wconf 88' lang='lat' dir='ltr'>traditum</span> <span class='ocrx_word' id='word_1_331' title='bbox 939 3875 1017 3923; x_wconf 88' lang='lat' dir='ltr'>esset.</span> 
     </span>
    </p>

    <p class='ocr_par' dir='ltr' id='par_1_8' title="bbox 164 3936 1281 4075">
     <span class='ocr_line' id='line_1_42' title="bbox 251 3936 1281 4006; baseline 0 -15"><span class='ocrx_word' id='word_1_332' title='bbox 251 3936 694 4006; x_wconf 71' lang='grc' dir='ltr'>1)Β1111111111111111111111111</span> <span class='ocrx_word' id='word_1_333' title='bbox 720 3940 876 3992; x_wconf 85' lang='lat' dir='ltr'>auctoritate</span> <span class='ocrx_word' id='word_1_334' title='bbox 900 3940 1056 3991; x_wconf 87' lang='lat' dir='ltr'>sententiam</span> <span class='ocrx_word' id='word_1_335' title='bbox 1084 3953 1155 3991; x_wconf 86' lang='lat' dir='ltr'>nunc</span> <span class='ocrx_word' id='word_1_336' title='bbox 1180 3939 1281 4003; x_wconf 86' lang='lat' dir='ltr'>omitto,</span> 
     </span>
     <span class='ocr_line' id='line_1_43' title="bbox 164 4006 1194 4075; baseline -0.001 -16"><span class='ocrx_word' id='word_1_337' title='bbox 164 4008 226 4075; x_wconf 87' lang='lat' dir='ltr'>quia</span> <span class='ocrx_word' id='word_1_338' title='bbox 244 4007 276 4060; x_wconf 85' lang='lat' dir='ltr'>do</span> <span class='ocrx_word' id='word_1_339' title='bbox 294 4008 370 4059; x_wconf 87' lang='grc'><strong>1111</strong></span> <span class='ocrx_word' id='word_1_340' title='bbox 388 4011 481 4073; x_wconf 86' lang='lat' dir='ltr'>quarto</span> <span class='ocrx_word' id='word_1_341' title='bbox 500 4006 603 4059; x_wconf 86' lang='lat' dir='ltr'>demum</span> <span class='ocrx_word' id='word_1_342' title='bbox 622 4006 814 4073; x_wconf 83' lang='lat' dir='ltr'>dissertationis</span> <span class='ocrx_word' id='word_1_343' title='bbox 832 4023 905 4059; x_wconf 88' lang='lat' dir='ltr'>meae</span> <span class='ocrx_word' id='word_1_344' title='bbox 923 4008 1009 4074; x_wconf 87' lang='lat' dir='ltr'>capite</span> <span class='ocrx_word' id='word_1_345' title='bbox 1027 4008 1070 4073; x_wconf 83' lang='lat' dir='ltr'>agi</span> <span class='ocrx_word' id='word_1_346' title='bbox 1088 4007 1194 4074; x_wconf 84' lang='lat' dir='ltr'>poterit.</span> 
     </span>
    </p>
   </div>
   <div class='ocr_carea' id='block_1_6' title="bbox 0 0 1498 4564">
    <p class='ocr_par' dir='ltr' id='par_1_9' title="bbox 0 0 1498 4564">
     <span class='ocr_line' id='line_1_44' title="bbox 0 0 1498 4564; baseline 0 1"><span class='ocrx_word' id='word_1_347' title='bbox 0 0 1498 4564; x_wconf 95' lang='lat' dir='ltr'> </span> 
     </span>
    </p>
   </div>
  </div>
 </body>
</html>
