2988 4564
622 277 836 341 -.10.-

163 469 280 553 potest.
325 465 426 531 Poeta
449 466 692 552 anteapuellas
715 469 885 533 monuerat
907 486 979 533 esse
1003 466 1088 532 viros
1103 467 1161 550 qui
1176 468 1285 553 specie

165 555 284 620 amoris
299 553 389 619 luera
403 551 554 636 pudenda
579 557 738 637 peterent,
763 553 872 638 sicque
895 555 1027 638 saepius
1042 554 1108 618 iarn
1124 555 1251 639 puellas
1267 576 1286 620 a

164 640 283 708 talibus
307 640 397 719 viris,
426 639 483 722 qui
509 660 573 705 non
599 640 704 725 ipsius
728 641 857 725 puellae
880 640 937 705 sed
960 641 1030 706 eius
1053 641 1154 706 vestis
1177 662 1285 706 amere

163 730 346 807 urerentur,
375 725 531 809 spoliatas
558 747 639 793 esse.
685 726 845 793 111111
873 727 942 792 sine
965 725 1061 792 dubio
1083 728 1131 792 ita
1151 747 1285 812 pergere

163 817 271 898 potest
298 817 337 879 ut
364 811 466 878 dicat:
520 811 644 879 Discite
672 813 712 878 ab
740 813 873 879 alterius
902 813 1044 898 querelis
1070 815 1188 880 vestris
1211 816 1232 881 i.
1256 835 1284 880 e.

163 902 282 966 vestris
313 900 410 966 rebus
443 900 567 965 timere.
613 898 678 967 Sed
711 903 846 984 apparet
875 900 958 966 hanc
986 899 1138 966 Ovidiani
1171 923 1285 969 versus

164 986 414 1070 explicationem
448 986 611 1052 duriorem
645 1005 715 1052 esse
749 1005 845 1069 quam
871 990 908 1052 ut
934 986 1020 1053 hunc
1052 987 1286 1072 politissimum

163 1077 291 1157 poetam
315 1072 435 1139 deceat.
471 1071 574 1139 Nemo
598 1073 695 1153 enim,
719 1072 746 1138 si
766 1073 851 1139 hunc
867 1093 999 1139 versum
1020 1074 1152 1156 legeret,
1174 1077 1286 1159 posset

167 1161 304 1242 „vestris
337 1155 497 1242 querelis“
527 1180 592 1225 non
619 1161 704 1224 inter
731 1179 765 1225 sc
792 1161 999 1241 coniungere.
1051 1160 1163 1244 ltaque
1191 1162 1285 1229 nobis

163 1266 290 1330 queque
313 1246 392 1311 11111
413 1245 513 1311 verba
534 1246 618 1311 inter
640 1266 675 1312 11
693 1246 917 1328 coniungenda
938 1251 1046 1330 atque,
1070 1247 1157 1329 quod
1179 1249 1285 1315 solum

163 1333 308 1399 hocloco
324 1333 395 1398 fieri
415 1335 533 1417 potest,
555 1352 614 1418 pro
635 1333 744 1398 dativo
768 1332 955 1417 accipienda
977 1336 1061 1398 sunt.
1097 1330 1151 1398 Sic
1173 1338 1282 1400 autem

162 1419 248 1485 haud
266 1420 349 1486 levis
365 1419 538 1485 difficultas
558 1420 671 1501 oritur,
694 1439 768 1486 oum
787 1420 921 1501 „timere
940 1419 1039 1484 alicui
1054 1417 1122 1484 rei“
1140 1419 1284 1504 plerum-

164 1525 227 1589 que
252 1507 296 1572 sit
320 1505 454 1588 „timere
477 1524 534 1590 pro
557 1506 666 1590 aliqua
688 1504 755 1587 re“‚
778 1507 831 1571 hic
854 1508 970 1571 autem.
985 1505 1079 1588 plane
1103 1508 1284 1574 contrarius

164 1613 278 1659 sensus
306 1591 519 1659 desideretur.
566 1590 637 1669 Qua
664 1592 854 1658 difficultate
880 1609 1076 1674 quamquam
1105 1590 1224 1659 offendi
1251 1597 1285 1658 et

163 1696 336 1763 possumus
365 1681 398 1755 11
420 1678 586 1759 debemus,
612 1683 723 1745 tamen
749 1678 830 1744 mihi
855 1697 918 1742 nen
943 1677 990 1741 ita
1016 1698 1134 1760 magua
1155 1679 1285 1747 videtur

164 1786 234 1832 1111
256 1770 294 1831 ut
316 1765 438 1832 elevari
460 1766 550 1831 nullo
572 1766 667 1831 mode
689 1765 803 1849 possit.
849 1762 931 1829 Cum
953 1763 1039 1829 enim
1061 1765 1148 1847 apud
1166 1766 1283 1833 Rema-

163 1873 222 1918 nos
245 1852 346 1918 dativi
368 1871 462 1935 quem
486 1873 638 1918 vocamus
666 1852 764 1917 ethici
797 1871 878 1915 usus
911 1850 1010 1917 latius
1043 1855 1155 1937 pateat
1186 1873 1284 1937 quam

163 1938 250 2023 apud
276 1959 346 2020 1111,
380 1934 512 2021 „timere
536 1939 634 2004 alicui
656 1935 721 2003 rei“
751 1957 809 2022 per
836 1957 870 2002 se
896 1937 980 2002 nihil
1012 1938 1102 2004 aliud
1137 1943 1187 2006 est
1220 1942 1285 2006 nisi

166 2026 301 2105 „timere
333 2025 372 2091 dc
404 2026 446 2090 iis
478 2045 561 2110 quae
589 2024 631 2090 ad
656 2025 799 2107 aliquam
832 2043 902 2089 rem
935 2022 1128 2107 pertinent“.
1173 2026 1284 2110 ltaque

163 2115 270 2196 potest
303 2115 335 2178 et
367 2112 519 2177 timorem
552 2111 592 2176 de
627 2111 738 2195 aliqua
769 2130 804 2175 re
838 2110 996 2175 servanda
1015 2112 1047 2175 et
1068 2111 1220 2178 timorem
1244 2113 1283 2180 dc

164 2198 329 2282 aliquare
351 2197 491 2265 arcenda
513 2198 703 2280 significare.
742 2195 807 2263 Sed
830 2195 1069 2262 concedendum
1087 2202 1138 2265 est
1153 2219 1283 2266 sensum

162 2284 248 2350 hunc
285 2302 382 2368 quem
416 2285 521 2351 dicere
554 2304 729 2369 possumus
765 2283 963 2364 negativum,
1001 2283 1093 2350 cuius
1131 2287 1284 2369 equidem

163 2372 349 2456 exemplum
383 2391 445 2436 non
480 2371 601 2450 inveni,
636 2369 723 2454 apud
744 2368 904 2435 Romanos
932 2389 996 2434 non
1019 2370 1177 2438 usitatum
1201 2394 1284 2455 esse,

161 2476 264 2541 neque
287 2457 349 2523 hoc
371 2477 460 2523 mero
484 2477 562 2522 casu
588 2457 668 2537 fieri,
703 2456 855 2540 quoniam
889 2456 1069 2522 contrarius
1103 2478 1216 2526 sensus
1243 2460 1285 2525 ad

163 2545 301 2625 logicam
326 2543 483 2609 rationem
520 2541 615 2609 nobis
642 2543 775 2628 propior
806 2546 865 2608 111.
910 2542 1022 2626 ltaque
1045 2544 1213 2611 fatendum
1236 2550 1285 2612 111

163 2630 317 2697 Ovidium
346 2631 408 2696 hoc
434 2631 516 2711 loco,
544 2630 607 2696 etsi
634 2630 714 2714 quid
743 2629 850 2695 dicere
873 2629 1014 2695 voluerit
1033 2629 1068 2695 in
1090 2637 1201 2716 aperto
1225 2637 1284 2714 est,

161 2736 277 2801 parum
311 2721 385 2802 apte
413 2717 558 2782 locutum
587 2735 668 2782 1111.
714 2715 782 2780 lam
806 2717 834 2781 si
857 2715 899 2780 ad
921 2714 1081 2798 Lygdami
1103 2719 1208 2784 locum
1232 2740 1284 2786 re-

162 2805 331 2886 vertimur,
355 2807 492 2888 apparet
507 2803 547 2868 ob
564 2801 716 2868 Ouidiani
738 2822 851 2868 versus
874 2802 1122 2869 similitudinem
1145 2806 1282 2873 reicien-

162 2890 238 2956 dam
253 2911 324 2958 esse
340 2891 559 2955 coniecturam
573 2888 772 2970 Baehrensii,
791 2889 848 2972 qui
863 2889 950 2954 hunc
970 2889 1076 2955 lecum
1093 2892 1140 2956 ita
1155 2893 1283 2960 scribit:

566 2973 661 3041 Felix
684 2976 880 3060 quicumque
905 2975 1014 3042 dolore

315 3061 449 3127 alterius
472 3061 578 3128 disces
600 3081 695 3145 posse
718 3082 830 3129 cavere
853 3067 953 3143 tuom,

163 3146 249 3230 quod
271 3166 330 3231 per
353 3167 388 3214 11
411 3148 490 3213 ferri
512 3152 623 3233 posset
645 3153 822 3233 aptumque
846 3169 976 3215 sensum
1000 3147 1151 3213 efficeret.
1193 3148 1282 3214 Idem

162 3236 275 3299 contra
297 3254 353 3300 eos
377 3234 549 3300 dicendum
573 3240 659 3302 esset
681 3236 710 3302 si
733 3237 789 3320 qui
813 3232 926 3316 „tuos“
951 3254 968 3299 e
990 3232 1074 3298 libre
1095 3231 1122 3298 F
1143 3235 1283 3321 arripere

147 3320 290 3385 vvellent.
335 3320 619 3404 Acquiescendum
648 3326 698 3389 est
725 3322 827 3407 igitur
853 3323 887 3386 in
910 3323 1134 3403 excerptorum
1159 3320 1284 3388 Frisiu-

162 3406 310 3488 gensium
335 3406 472 3474 lectione
503 3407 611 3491 „tuo“.
658 3406 712 3474 Sic
738 3411 848 3474 autem
876 3408 1011 3490 apparet
1037 3406 1171 3473 eandem
1199 3409 1283 3475 diffi-

163 3493 318 3559 cultatem
340 3496 431 3560 nasei
457 3494 499 3561 de
525 3515 589 3580 qua
612 3495 653 3561 ad
676 3494 785 3560 Ovidii
811 3495 920 3559 locum
948 3492 1123 3644 disputavi,
1152 3494 1193 3561 de
1219 3515 1284 3579 qua

162 3599 197 3644 re
232 3580 310 3645 olim
342 3584 428 3647 recte
459 3583 585 3647 monuit
615 3581 761 3647 Vossius.
806 3579 891 3645 Nam
925 3598 988 3662 quo
1046 3582 1187 3665 exempli
1213 3584 1282 3647 loce

162 3664 302 3732 afferunt
312 3672 425 3733 notum
437 3668 521 3734 illud
534 3668 643 3734 Plauti
660 3687 757 3748 „cave
769 3663 888 3747 malo“,
904 3685 1009 3732 errare
1024 3667 1106 3732 mihi
1121 3667 1282 3745 videntur,

161 3752 345 3836 quiaillud
368 3752 492 3836 ,111111α
517 3775 575 3839 pro
603 3752 744 3818 ablativo
763 3752 897 3836 accipie,
920 3752 1035 3836 quiin
1058 3753 1118 3818 hac
1134 3754 1282 3820 sollemni

162 3842 258 3923 atquc
286 3840 431 3924 vulgaris
462 3840 620 3906 sermonis
651 3839 782 3925 propria
807 3839 980 3905 verborum
1012 3839 1236 3906 coniunctione
1265 3861 1282 3906 e

160 3926 266 4078 prisco
292 3948 441 3995 sermone
468 3946 526 4010 pro
555 3925 697 3992 ablativo
722 3946 794 3993 cum
817 3924 1057 4012 praepositione
1079 3923 1136 4006 „a“
1161 3927 1283 3993 retine-

183 4017 265 4080 atur.
310 4013 373 4080 Pro
397 4012 540 4079 ablativo
564 4016 673 4079 autem
698 4033 762 4098 quo
785 4014 893 4080 minus
913 4010 995 4079 illud
1013 4010 1109 4092 „tuo“
1128 4012 1181 4079 hic
1204 4033 1283 4100 quc·
