2988 4564
661 277 874 342 ...ΜΝ

209 462 243 532 in
265 468 333 532 tam
354 464 477 531 incerta
498 486 533 532 re
550 485 673 581 ponere
696 465 783 548 licet,
806 465 838 533 in
862 466 1011 532 codicum
1027 464 1201 551 archetypo
1222 464 1325 530 fuisso

211 553 357 637 suspicor
382 549 465 634 ,et“,
491 557 548 632 ,ut
591 555 700 619 autem
723 574 764 618 ex
787 554 946 639 excerptis
962 552 1117 619 Parisinis
1141 557 1174 617 11
1195 551 1270 617 inB
1293 553 1328 617 11

209 639 243 704 11
273 637 297 704 Ο
322 638 502 722 irrepsisse.
548 638 665 704 Utrum
692 643 802 705 autem
829 640 998 724 archetypi
1031 660 1071 705 an
1100 642 1325 723 excerptorum

211 725 371 809 scriptura
392 725 678 808 praeferendasit,
701 726 762 791 hoc
785 725 957 792 diiudicari
979 745 1074 810 posse
1097 745 1160 791 non
1176 723 1282 790 credo.

298 810 427 878 Tertius
454 811 545 877 locus
571 815 680 877 exstat
701 811 755 893 IV,
781 814 808 894 1,
835 814 905 893 161,
931 811 989 877 ubi
1016 811 1094 896 quin
1122 811 1328 878 scribendum

210 897 255 963 111
283 894 483 980 „utrimque“
512 897 654 964 dubitari
682 918 746 963 non
772 902 889 982 potest,
923 919 999 965 casu
1026 902 1136 963 autem
1162 898 1196 962 in
1221 897 1327 963 tribus

211 982 377 1049 codicibus
406 982 447 1065 A,
474 983 589 1065 Ambr,
611 983 641 1048 V
667 985 753 1050 linea
781 1005 846 1070 qua
873 985 967 1051 litera
989 1006 1022 1052 m
1050 984 1224 1067 significari
1247 983 1329 1049 solet

210 1071 334 1136 omissa
355 1072 414 1136 est.

211 1189 256 1307 IV
275 1156 550 1304 ,11111121111111
579 1156 634 1241 qui
662 1156 696 1222 in
723 1155 871 1222 codicum
897 1159 989 1240 parte
1017 1155 1157 1222 insertus
1179 1158 1229 1221 est
1254 1155 1329 1238 post

257 1244 320 1323 ,1‚
345 1244 381 1306 11
412 1262 419 1306 :

363 1327 512 1412 Namque
535 1347 635 1393 senex
657 1328 770 1410 longae
785 1329 914 1413 peragit
931 1328 1008 1394 dum
1024 1328 1155 1393 saecula
1168 1327 1284 1392 famae.
1369 1368 1371 1373 -

212 1414 315 1492 Quem
341 1434 472 1480 versum
498 1435 572 1479 cum
599 1414 674 1480 indo
702 1435 722 1479 1
746 1413 950 1480 Lachmanno
978 1415 1116 1481 editores
1144 1412 1330 1478 omisissent

211 1499 432 1566 Baehrensius
465 1501 499 1565 in
531 1521 592 1566 sua
624 1501 764 1566 editione
795 1503 958 1567 revocavit
984 1521 1025 1566 ex
1053 1501 1120 1566 suis
1153 1497 1328 1564 codicibus.

214 1586 389 1664 Quaeritur
411 1589 520 1652 autem
543 1586 622 1671 quid
644 1588 679 1652 in
700 1586 899 1653 Lachmanni
921 1588 1013 1654 libris
1034 1587 1193 1653 traditum
1219 1584 1327 1649 fuerit.

212 1672 335 1738 Deerat
350 1673 404 1738 ille
421 1694 531 1739 versus
547 1673 579 1738 in
595 1672 621 1739 B
637 1675 671 1740 et
684 1674 718 1738 in
734 1673 756 1739 d
771 1693 799 1755 e,
820 1674 908 1739 haud
924 1673 1020 1739 dubie
1036 1674 1133 1741 etiam
1150 1674 1185 1737 in
1200 1669 1239 1750 03
1262 1670 1329 1735 inc

215 1760 300 1824 enim
329 1759 423 1824 illum
450 1780 582 1825 versum
608 1779 647 1825 ex
674 1760 878 1844 interpolatis
905 1760 1069 1826 codicibus
1103 1759 1231 1825 illatum
1258 1776 1328 1822 esse

214 1844 284 1909 veri
307 1845 413 1910 simile
437 1847 497 1927 est,
520 1846 597 1929 quia
618 1844 664 1910 ibi
685 1866 749 1911 non
764 1845 863 1913 habet
877 1867 948 1912 eam
963 1848 1098 1913 formam
1119 1865 1215 1930 quam
1231 1862 1330 1928 supra

215 1931 311 2017 posui
338 1930 393 1996 sed
422 1951 495 1996 eam
519 1949 584 2015 qua
609 1929 644 1997 id
670 1931 756 2015 quod
782 1932 816 1997 in
838 1933 952 2018 primis
974 1933 1008 1999 in
1030 1953 1067 1998 eo
1090 1929 1257 1998 offensioni
1280 1932 1331 1995 111

215 2017 353 2083 tollitur:

365 2101 514 2186 Namque
538 2123 635 2169 senex
656 2104 770 2185 longae
791 2104 918 2188 peragit
936 2104 1013 2170 dum
1029 2102 1158 2171 saecula
1172 2101 1285 2168 ritae.

216 2186 334 2254 Contra
361 2209 424 2255 non
453 2188 566 2254 dubito
596 2191 673 2273 quin
699 2190 754 2255 ille
782 2210 894 2256 versus
918 2191 1081 2256 exstiterit
1101 2190 1135 2255 in
1156 2188 1266 2254 codiee
1289 2186 1329 2251 A.

215 2274 368 2341 Heinsius
391 2275 475 2341 enim
500 2296 540 2340 ex
562 2275 594 2345 A
616 2277 761 2343 adnotat:
787 2277 869 2359 ,112
885 2277 1015 2342 saecula
1029 2273 1166 2356 famae“,
1189 2273 1275 2359 quod
1289 2272 1331 2337 ad

215 2360 459 2436 antecedentem
480 2382 611 2427 uersum

367 2447 473 2513 Terna
494 2449 602 2515 minus
625 2447 736 2532 Pyliae
759 2448 896 2515 miretur·
918 2449 1048 2515 saecula
1069 2448 1175 2513 famae

216 2532 330 2596 referri
351 2532 441 2597 nullo
464 2532 560 2598 modo
582 2537 701 2618 potest,
725 2535 802 2617 quia
823 2536 858 2600 in
873 2534 934 2600 hoc
950 2555 1047 2600 versu
1060 2532 1181 2598 Mureti
1202 2551 1330 2616 quoque

216 2616 315 2682 editio
341 2617 489 2698 ,saecula
510 2617 635 2684 famae“
661 2619 801 2702 exhibet,
824 2620 959 2687 Heinsio
983 2621 1085 2702 igitur
1106 2640 1146 2684 ex
1164 2639 1222 2684 suo
1240 2637 1330 2682 more

216 2702 298 2769 nihil
325 2702 543 2770 adnotandum
571 2709 650 2775 erat.
695 2704 787 2771 Nihil
813 2705 903 2772 aliud
930 2707 1031 2789 igitur
1051 2705 1177 2771 Heinsii
1200 2703 1331 2770 adnota-

215 2790 303 2854 tione
327 2790 500 2871 significari
523 2793 630 2874 potest
651 2792 715 2856 nisi
737 2791 838 2858 fuisse
861 2792 946 2858 hunc
970 2813 1096 2858 versum
1115 2793 1149 2856 in
1165 2790 1273 2856 codice
1289 2790 1330 2869 A,
1366 2854 1368 2859 .

216 2874 275 2940 sed
295 2876 343 2941 ita
364 2880 402 2940 11
423 2895 481 2960 pro
507 2877 655 2956 ,saecula
676 2874 795 2957 vitae“,
818 2877 904 2961 quod
926 2879 1029 2945 estin
1044 2877 1162 2944 Mureti
1177 2876 1330 2955 editione,

217 2960 318 3027 codex
341 2961 508 3027 exhiheret
532 2963 680 3043 ,saecula
701 2959 836 3042 famae“,
859 2983 941 3047 quae
964 2970 1034 3031 erat
1050 2965 1118 3030 sine
1134 2963 1232 3029 dubio
1247 2962 1331 3028 anti-

217 3050 310 3132 quior
332 3047 430 3114 111111
452 3068 566 3114 versus
588 3049 701 3114 forma.
746 3048 871 3114 Rursus
898 3050 1000 3130 igitur
1021 3050 1107 3116 inter
1129 3070 1164 3116 se
1186 3052 1332 3134 pugnant

216 3133 247 3200 Α
269 3133 374 3201 Ambr
397 3133 426 3199 V
449 3137 483 3199 et
504 3133 530 3198 B
554 3133 588 3201 O.
634 3133 808 3210 Quaeritur
831 3138 940 3199 autem
969 3156 1047 3200 num
1069 3156 1109 3202 ex
1131 3136 1194 3201 loci
1215 3139 1333 3201 natura

216 3224 324 3286 utrum
348 3220 507 3303 genuinus
531 3221 574 3286 sit
595 3220 648 3286 hic
670 3241 784 3286 versus
805 3241 908 3286 necne
931 3223 1079 3303 cognosci
1101 3223 1213 3305 possit.
1249 3220 1332 3288 Con-

217 3307 396 3373 cedendum
419 3310 469 3373 est
490 3306 576 3373 hunc
599 3327 729 3373 versum
752 3326 815 3372 non
837 3307 884 3373 ita
906 3308 985 3373 bene
1006 3308 1225 3390 excogitatum
1248 3327 1332 3387 esse,

216 3412 320 3475 neque
343 3393 546 3479 vituperandi
570 3398 647 3460 sunt
665 3391 810 3477 Scaliger
832 3393 961 3477 aliique,
984 3395 1053 3478 qui,
1075 3413 1149 3458 cum
1171 3394 1332 3461 aTibullo

216 3478 445 3562 panegyricum
472 3481 652 3564 profectum
679 3499 750 3546 esse
777 3479 954 3562 crederent,
986 3479 1112 3546 silentio
1139 3501 1212 3546 eum
1240 3500 1333 3565 prae·

217 3564 389 3644 terierunt3
417 3567 484 3629 tam
512 3565 656 3650 ineptum
682 3587 757 3632 eurn
780 3569 971 3631 essentne
993 3565 1178 3651 panegyrici
1201 3566 1331 3650 quidem

217 3651 339 3715 auctori
372 3648 474 3714 tribui
506 3652 621 3734 possit,
654 3652 714 3717 hoc
747 3672 836 3734 nego.
887 3651 1006 3718 Contra
1038 3652 1067 3717 si
1100 3652 1173 3737 quis
1201 3672 1333 3717 versum

217 3734 359 3819 aliquem
380 3736 525 3802 inserere
547 3738 715 3819 voluisset,
740 3738 832 3803 cuius
848 3737 896 3803 rei
914 3737 967 3803 hic
982 3737 1072 3804 nulla
1087 3758 1185 3803 causa
1200 3738 1333 3820 cogitari

217 3825 326 3970 potest
347 3822 424 3906 quia
444 3822 586 3899 uelsine
606 3823 661 3889 illo
675 3844 774 3902 uersu
788 3825 895 3891 omnia
910 3828 985 3909 apte
1001 3825 1086 3891 inter
1101 3845 1135 3890 se
1152 3823 1332 3904 cohaerent,

241 3926 279 3972 oc
306 3912 392 3974 certe
418 3926 481 3973 non
507 3908 555 3973 ita
581 3909 777 3975 instituisset
804 3910 948 3976 utillud
975 3911 1126 3991 ,saecula
1146 3908 1270 3976 famae“
1299 3910 1333 3975 in

218 3991 278 4057 hoc
300 4014 398 4059 versu
421 4013 551 4079 prorsus
573 3995 720 4079 ineptum
743 4017 784 4061 ex
806 3997 1016 4063 antecedente
1039 4016 1138 4063 versu
1158 4000 1331 4082 repeteret.
