2988 4564
627 253 863 320 -103—

181 463 280 524 „cura
301 439 465 510 Neaerae“
493 442 635 528 primum
664 463 701 509 66
729 463 793 528 quo
820 442 890 508 dixi
915 441 1011 508 modo
1041 446 1302 528 corrumperetur

178 530 213 594 in
249 548 367 611 „causa
392 527 566 611 Neaerae“‚
597 550 673 595 mox
705 531 739 594 in
775 548 893 610 „causa
918 525 1078 609 Neaera“‚
1112 528 1198 612 quod
1226 549 1300 594 eum

177 614 301 680 nullum
329 615 458 681 omnino
487 636 616 682 sensum
642 614 822 700 praeberet,
851 615 1004 681 librarius
1033 634 1127 696 „cara
1149 614 1297 680 Neaera“

179 701 365 766 coniectura
386 703 506 786 posuit.
540 701 651 785 ltaque
673 702 760 767 hunc
781 701 888 766 locum
905 705 1028 766 certum
1044 701 1299 785 interpolationis
1341 708 1344 714 ‘

178 787 211 851 in
234 785 264 853 G
286 785 448 853 admissae
471 788 655 872 exemplum
678 808 748 854 6666
770 791 861 872 puto.

263 872 435 956 111,3,29
468 879 579 939 utrum
612 877 700 940 recte
725 872 940 939 Baehrensius
974 892 991 937 e
1020 869 1049 938 G
1076 874 1109 935 61
1136 871 1298 957 excerptis

177 957 332 1024 Parisinis
366 960 526 1045 receperit
561 979 643 1042 „non
676 979 728 1025 me
761 978 860 1041 regna
889 954 1020 1024 iuvant“
1051 977 1109 1042 pro
1140 977 1217 1038 „neo
1245 977 1297 1023 me

178 1064 279 1126 regna
300 1042 432 1110 iuvant“
458 1045 633 1111 diiudicari
655 1046 777 1130 nequit.
809 1121 811 1126 ¹

262 1128 312 1196 De
335 1151 431 1197 versu
453 1130 506 1214 ΙΗ,
531 1135 561 1212 4,
585 1133 604 1195 9
632 1136 720 1198 16616
743 1129 984 1196 Lachmannum
1012 1128 1174 1195 iudicasse
1200 1148 1299 1212 supra

176 1214 264 1301 (pag.
282 1215 369 1298 641.)
391 1217 467 1283 dixi.
506 1218 613 1284 Aliter
628 1219 732 1284 sensit
746 1215 972 1297 Baehrensius,
997 1215 1062 1299 qui,
1091 1235 1166 1280 eum
1189 1213 1218 1280 G
1240 1235 1297 1280 ex-

175 1301 301 1369 hiberet
329 1324 466 1386 „vanum
486 1303 653 1387 ventura“,
675 1304 728 1370 hic
751 1321 878 1389 quoque
902 1322 976 1368 eum
998 1302 1138 1366 maxime
1164 1305 1296 1368 secutus

176 1389 210 1453 in
232 1391 326 1454 textu
347 1391 471 1475 posuit:

326 1474 371 1542 Et
391 1497 512 1541 vanum
535 1478 690 1542 eventura
710 1473 880 1539 hominum
901 1492 1003 1555 genus
1026 1472 1134 1538 omina
1148 1474 1252 1540 noctis

377 1564 462 1628 farre
484 1563 539 1647 pio
562 1562 693 1646 placant
714 1564 747 1626 et
768 1560 904 1626 saliente
926 1557 1013 1624 sale?

177 1642 271 1720 Quod
293 1647 444 1730 equidem
466 1649 619 1714 confiteor
639 1667 692 1713 me
714 1666 779 1712 non
799 1646 997 1727 intellegere.
1043 1643 1079 1711 Si
1101 1645 1187 1709 enirn
1209 1646 1295 1712 inter

176 1750 211 1795 se
237 1732 463 1814 coniungimus
493 1730 631 1814 „vanum
658 1733 825 1799 hominum
852 1729 986 1814 genus“‚
1014 1731 1122 1797 omina
1144 1730 1296 1797 dicuntur

176 1820 340 1900 eventura,
367 1819 462 1902 plane
488 1823 600 1884 contra
625 1822 740 1904 poetae
768 1819 972 1885 sententiam.
1017 1816 1167 1882 Fortasse
1196 1819 1296 1900 igitur

174 1901 394 1970 Baehrensius
416 1904 521 1969 voluit
542 1907 737 1988 coniungere
760 1905 845 1971 inter
867 1925 901 1970 se
925 1904 1050 1985 „omina
1065 1923 1185 1969 vanum
1200 1924 1294 1971 even-

174 1986 268 2054 tura“
293 2008 350 2072 pro
373 1990 535 2055 ominibus
559 2008 641 2073 quae
663 2011 726 2056 non
751 1992 914 2057 eveniunt.
952 1988 1017 2056 Sed
1030 2009 1072 2056 ne
1087 1989 1148 2055 hoo
1163 1991 1294 2073 quidem

176 2094 238 2159 quo
253 2075 348 2141 modo
372 2076 437 2142 di'ci
458 2078 601 2161 potuerit
622 2077 786 2159 intellego.

262 2159 416 2245 Sequitur
436 2164 528 2229 locus
551 2161 772 2244 difficillimus,
792 2160 845 2241 Ill,
869 2162 900 2243 4,
916 2161 967 2242 64,
992 2159 1032 2225 de
1054 2179 1118 2244 quo
1142 2161 1294 2244 equidem

174 2247 214 2313 ab
238 2248 387 2400 Odldllus
409 2248 593 2315 editoribus*
612 2248 777 2315 dissentio.
815 2247 911 2313 lllum
933 2246 1020 2312 enirn
1034 2266 1165 2312 versum
1182 2268 1293 2316 omnes

174 2335 262 2401 6166
307 2335 412 2401 ient:

325 2420 374 2487 Tu
395 2421 491 2487 modo
515 2440 589 2486 cum
611 2419 716 2486 multa
737 2419 887 2485 bracchia
907 2417 1005 2483 tende
1027 2437 1134 2502 prece,

172 2527 231 2574 nee
253 2507 362 2573 minus
384 2507 438 2589 ΙΠ,
461 2508 491 2589 6,
514 2508 566 2589 46,
596 2508 654 2591 qui
673 2508 763 2572 loeus
787 2526 861 2572 cum
883 2504 944 2569 hoo
967 2502 1209 2587 coniungendas
1232 2508 1293 2588 est,

174 2611 283 2659 omnes
307 2593 468 2660 scribunt:

324 2680 393 2746 Aut
414 2679 508 2745 fallat
529 2677 650 2744 blanda
672 2677 803 2746 sordida
824 2676 934 2759 lingua
954 2695 1060 2760 prece.

172 2763 291 2831 Tamen
312 2770 451 2851 utroque
473 2765 544 2832 loco
567 2764 653 2847 boni,
676 2765 733 2850 qui
754 2762 836 2829 mihi
857 2761 987 2845 quidem
1009 2761 1170 2844 videntur,
1189 2767 1290 2830 testes

171 2869 235 2915 non
261 2852 394 2917 tradunt
421 2850 553 2938 „preee“
583 2851 641 2917 sed
672 2847 783 2933 „fide“.
828 2847 914 2914 Illud
941 2849 1025 2912 enim
1052 2848 1153 2914 altero
1177 2849 1245 2915 loeo
1273 2871 1291 2916 e

172 2934 255 3001 libro
279 2935 308 3002 G
330 2940 364 3003 et
379 2937 509 3019 Puccio,
533 2938 634 3004 altero
658 2957 675 3003 e
692 2935 722 3003 G
744 2939 777 3002 et
792 2934 952 3019 excerptis
967 2932 1121 2999 Parisinis
1138 2935 1289 3001 traditur.

171 3019 208 3086 Si
234 3021 335 3102 igitur
359 3027 446 3089 recte
472 3027 627 3091 fecissent
653 3022 804 3103 editores,
834 3017 1043 3086 statuendum
1070 3024 1157 3085 esset
1181 3021 1231 3088 bis
1256 3023 1290 3087 in

170 3106 284 3191 paucis
306 3107 357 3173 his
380 3109 576 3176 carminibus
605 3105 750 3195 „prece“‚
788 3106 875 3191 quod
902 3124 1035 3189 prorsus
1062 3106 1185 3171 nullam
1206 3107 1290 3172 diffi-

171 3193 327 3259 cultatem
349 3197 457 3259 movet
487 3196 521 3260 in
544 3197 718 3279 archetypo
741 3195 823 3259 miro
847 3211 953 3258 errore
975 3191 1095 3256 abiisse
1118 3193 1152 3256 in
1176 3191 1289 3275 „fide“,

172 3299 246 3343 cum
268 3283 379 3344 tamen
400 3278 460 3344 hoc
483 3285 516 3347 et
538 3282 579 3347 ad
600 3279 851 3363 intellegendum
875 3277 1039 3344 difficilius
1063 3278 1107 3342 sit
1129 3282 1162 3343 et
1177 3278 1288 3345 litera-

170 3385 244 3428 rum
270 3364 450 3430 similitudo
477 3386 607 3450 prorsus
636 3369 679 3434 sit
707 3367 807 3433 nulla.
851 3364 922 3430 Hoc
949 3362 1100 3447 equidem
1123 3363 1203 3429 adeo
1225 3384 1290 3429 non

169 3447 338 3532 probabile
371 3453 449 3534 puto
481 3455 520 3517 ut
552 3454 742 3535 quaestione
771 3451 903 3536 dignum
931 3468 1003 3515 6666
1033 3449 1115 3514 mihi
1140 3448 1290 3515 videatur

169 3555 248 3600 num
268 3538 378 3601 tamen
402 3536 564 3620 scriptura
577 3559 653 3605 vere
668 3539 790 3605 tradita
805 3535 936 3604 defendi
949 3535 1059 3619 possit.
1094 3535 1197 3618 Atqui
1212 3535 1288 3601 fidei

169 3621 303 3687 verbum
330 3642 394 3688 non
422 3622 528 3688 solum
553 3622 593 3689 de
621 3628 709 3691 certa
733 3645 860 3690 morum
887 3622 1044 3707 qualitate
1071 3620 1200 3703 dicitur,
1232 3621 1289 3688 sed

142 3708 329 3790 signifieat
362 3708 461 3774 etiam
497 3708 594 3774 fidem
627 3710 747 3792 datam,
782 3710 988 3795 promissum.
1047 3707 1143 3773 Hunc
1179 3711 1288 3773 autem

169 3814 301 3860 sensum
334 3795 362 3860 si
394 3794 460 3861 illis
494 3814 621 3879 quoque
655 3796 734 3862 locis
766 3796 862 3862 verbo
888 3796 1007 3876 inesse,
1040 3813 1149 3860 eorum
1179 3794 1287 3879 priore

169 3884 277 3947 autem
302 3884 431 3967 poetam
455 3881 612 3964 singulari
632 3901 767 3948 numero
789 3902 887 3948 sensu
909 3881 1076 3948 collectivo
1097 3901 1194 3948 usum
1216 3901 1286 3949 esse

167 3967 327 4058 ponimus,
359 3966 442 4037 illud
473 3968 610 4038 verbum
642 3969 744 4041 altero
770 3967 841 4038 loeo
868 3968 1006 4039 lectione
1033 3967 1130 4059 vulgo
1156 3973 1287 4063 recepto
