2988 4564
633 330 847 395 „19-

188 542 226 602 „a
250 519 348 586 miser
369 516 499 586 interii“
524 523 583 585 etc.
602 519 748 585 coniecit.
789 516 844 585 Sic
859 539 936 584 sane
952 520 1041 605 loqui
1057 522 1189 606 poterat
1203 517 1329 605 poeta,'

186 607 242 673 sed
271 607 377 688 facile,
407 607 435 671 si
456 605 538 672 illud
560 607 756 692 reponimus,
785 625 1049 692 unumquemque
1074 606 1194 674 sentire
1217 607 1308 689 puto,

185 712 283 777 quam
303 694 406 758 multo
429 692 536 757 minus
559 696 632 776 apte
654 693 721 757 iam
743 692 793 756 illi
815 712 929 757 versus
953 713 1027 758 cum
1043 691 1309 759 antecedentibus

185 778 385 844 cohaereant.
436 777 548 861 Itaque
582 778 732 862 equidem
762 778 810 844 ita
835 797 961 859 111111,
995 784 1218 864 excerptorem
1252 779 1311 841 aut

184 865 321 929 fortasse
358 863 539 944 librarium,
576 865 633 948 qui
669 867 782 948 postea
815 867 969 949 excerpta
1003 865 1187 949 descripsit,
1227 862 1310 928 iilud

188 947 309 1031 „tum“,
336 950 433 1035 quod,
462 951 490 1015 si
515 950 564 1015 1111
590 970 703 1015 versus
730 968 787 1033 per
810 969 843 1015 11
867 950 1117 1033 accipiebantur,
1146 949 1225 1017 ferri
1246 968 1311 1013 non

185 1040 324 1120 poterat,
348 1036 534 1101 coniectura
555 1040 709 1102 mutasse.

271 1121 366 1188 Alter
387 1123 477 1188 locus
500 1141 597 1205 quem
620 1121 734 1194 afferre
757 1120 829 1186 volo
851 1142 930 1186 num
951 1122 1016 1186 huc
1032 1121 1198 1206 pertineat
1213 1119 1308 1186 dubi-

185 1209 248 1361 111ἱί
275 1212 391 1293 potest.
436 1207 558 1274 Versus
587 1206 993 1290 111111Η,3,211122
1021 1207 1150 1274 codices
1179 1207 1225 1272 sic
1254 1226 1309 1314 ex-

208 1294 313 1360 ient:

337 1378 410 1446 Non
433 1377 549 1463 opibus
572 1381 698 1444 mentes
720 1379 888 1444 hominum
911 1398 1069 1462 curaeque
1092 1378 1257 1443 levantur:

386 1486 463 1530 nam
485 1463 631 1530 Fortuna
654 1485 713 1530 sua
735 1470 882 1550 tempora
904 1465 976 1547 lege
1001 1466 1094 1547 gerit,

185 1548 243 1613 ubi
276 1569 334 1633 pro
365 1548 486 1633 „gerit“
524 1548 645 1632 ,regit“
682 1551 886 1617 scribendum
919 1572 990 1617 1111
1019 1552 1163 1635 apparet.
1220 1545 1310 1613 Haeo

186 1638 293 1700 autem
318 1636 416 1701 verba
438 1640 547 1719 aperte
570 1636 631 1701 hoc
654 1638 844 1719 significant,
868 1637 1001 1703 divitias
1023 1657 1087 1701 non
1104 1634 1250 1701 sufficere
1267 1632 1309 1697 ad

187 1719 313 1785 beatam
329 1723 429 1786 vitam
445 1721 656 1802 efficiendam,
673 1725 826 1805 quoniam
838 1722 981 1788 Fortuna
996 1724 1030 1788 in
1045 1721 1142 1787 rebus
1159 1719 1306 1785 adversis

186 1805 239 1871 vel
262 1807 411 1872 secundis
434 1805 666 1873 distribuendis
689 1810 764 1872 suas
787 1809 876 1889 leges
892 1814 1046 1891 sequatur
1060 1827 1164 1891 neque
1182 1805 1307 1870 divitiis

184 1895 306 1975 pareat.
352 1890 388 1957 ln
412 1893 571 1976 excerptis
594 1891 857 1975 Frisingensibus
883 1898 992 1959 autem
1022 1913 1080 1977 pro
1105 1888 1217 1975 „nam“
1244 1894 1311 1954 tra-

187 1977 275 2043 ditur
298 1975 405 2060 ,nec“,
433 1977 519 2061 quod
542 1978 726 2043 coniectura
747 1982 854 2043 ortum
877 1999 949 2044 esse
972 1980 1053 2045 mihi
1075 1980 1213 2045 videtur.
1259 1976 1304 2042 lis

186 2064 273 2128 enim
295 2065 352 2147 qui
368 2065 402 2128 in
425 2066 572 2129 fortunae
596 2062 704 2145 verbo,
728 2065 796 2129 sire
819 2064 854 2129 id
874 2084 932 2148 pro
948 2066 1077 2130 nomine
1093 2063 1222 2149 proprio
1239 2063 1307 2128 sive

187 2169 245 2235 pro
262 2150 457 2233 appellativo
473 2150 684 2234 accipiebant,
708 2149 747 2216 de
763 2151 901 2216 fortunis
916 2151 1057 2215 maxime
1073 2152 1310 2231 cogitaverunt,

186 2236 281 2301 facile
310 2239 437 2320 poterat
463 2240 665 2320 pentametro
695 2236 789 2320 plane
819 2237 1015 2301 contrarium
1050 2256 1161 2301 eorum
1188 2235 1312 2299 dictum

190 2341 261 2386 1111
283 2322 386 2387 videri
402 2341 484 2405 quae
501 2323 607 2406 priore
630 2342 726 2387 versu
750 2324 930 2404 significata
952 2324 1051 2388 erant.
1086 2321 1156 2386 Tali
1179 2322 1310 2387 ratioci-

187 2408 320 2472 natione
342 2406 509 2472 librarium
533 2408 674 2491 aliquem
697 2413 893 2474 commotum
916 2428 987 2474 esse
1009 2411 1088 2492 puto
1111 2410 1150 2473 ut
1166 2407 1310 2489 negatio-

187 2492 317 2558 nemin
341 2493 427 2558 hunc
450 2513 581 2558 versum
603 2494 745 2558 11111111.
784 2492 855 2560 Hoc
878 2498 987 2559 autem
1010 2498 1120 2558 utrum
1137 2494 1170 2558 in
1186 2494 1310 2575 integro

188 2577 308 2643 Tibulli
326 2578 503 2663 exemplari
519 2599 559 2643 an
575 2598 612 2644 11
628 2582 773 2662 tempore
789 2598 851 2662 quo
867 2583 1017 2663 excerpta
1036 2579 1310 2662 componebantur

189 2685 229 2729 an
253 2663 391 2749 denique
412 2668 525 2750 postea
547 2665 669 2728 iactum
693 2666 746 2746 sit,
770 2664 941 2731 diiudicari
963 2664 1052 2730 nullo
1074 2664 1170 2729 modo
1193 2667 1309 2748 potest.

272 2750 427 2834 Exceptis
449 2750 500 2816 1111
524 2749 651 2816 duobus
673 2749 752 2816 locis
776 2754 807 2816 et
830 2752 929 2818 111111
945 2751 1010 2815 11111
1027 2749 1193 2815 erroribus
1210 2769 1311 2833 supra

188 2836 445 2902 commemoratis
479 2841 603 2902 ceterae
638 2855 719 2919 quas
753 2840 906 2921 excerpta
940 2836 1095 2901 exhibent
1133 2837 1310 2919 scripturae

188 2920 423 3005 discrepantiae
451 2924 498 2987 ita
524 2926 728 3006 comparatae
757 2926 833 2988 sunt
859 2927 899 2988 ut
925 2943 979 2988 eas
1006 2922 1073 2986 iam
1099 2923 1135 2986 11
1158 2941 1195 2987 11
1223 2921 1310 2986 unde

188 3010 318 3090 sumpta
354 3010 430 3072 sunt
465 3012 617 3090 excerpta
649 3007 771 3074 Tibulli
808 3009 916 3074 codice
954 3007 1119 3073 exstitisse
1158 3006 1309 3072 contendi

187 3092 300 3176 possit.
337 3092 450 3176 ltaque
470 3093 637 3157 nunciam
653 3093 692 3158 de
708 3093 806 3160 huius
821 3095 941 3159 codicis
956 3098 1074 3159 natura
1089 3092 1310 3177 quaerendum

189 3183 248 3244 est.
300 3177 410 3244 Facile
446 3181 554 3244 autem
588 3182 722 3262 apparet
751 3183 848 3264 atque
877 3179 917 3245 ab
946 3180 1096 3245 omnibus
1125 3178 1311 3244 conceditur

189 3265 333 3330 codicem
366 3264 460 3330 illum
494 3264 614 3331 summi
640 3265 740 3348 pretii
769 3267 881 3332 fuisse.
933 3265 1066 3331 Praeter
1092 3265 1177 3330 enim
1204 3264 1310 3330 locum

189 3370 287 3435 supra
308 3354 493 3432 tractatum,
517 3350 569 3432 ΙΙΙ,
594 3351 623 3432 3,
640 3351 691 3430 22,
715 3368 811 3433 quem
834 3353 899 3416 iam
922 3352 956 3416 in
978 3351 1038 3416 hoc
1061 3350 1171 3416 codice
1195 3350 1309 3434 depra-

188 3440 298 3502 vatum
326 3437 427 3502 iuisse
456 3437 593 3519 cogitari
619 3436 734 3502 saltem
757 3440 875 3521 potest,
904 3437 1030 3502 nullum
1053 3436 1311 3521 interpolationis

188 3523 223 3588 in
245 3543 282 3588 eo
306 3521 467 3588 admissae
489 3522 587 3607 paulo
611 3522 732 3588 certius
749 3522 938 3607 exemplum
953 3523 1073 3588 inveni.
1113 3521 1233 3588 Contra
1247 3541 1311 3586 non

188 3609 295 3693 pauci,
317 3608 346 3673 si
369 3608 410 3673 ad
434 3628 569 3693 parvum
592 3629 746 3673 versuum
769 3613 993 3693 excerptorum
1014 3628 1185 3673 numerum
1207 3608 1309 3692 respi-

190 3695 303 3775 cimus,
338 3693 401 3760 loci
433 3698 563 3760 exstant
594 3693 711 3779 quibus
745 3715 855 3759 veram
887 3695 1057 3761 lectionem
1091 3694 1126 3758 in
1153 3693 1231 3760 solis
1259 3693 1310 3759 his

191 3781 353 3864 excerptis
378 3779 533 3845 traditam
559 3800 629 3846 esse
658 3783 792 3845 constet.
836 3779 881 3846 Hi
908 3781 1010 3863 igitur
1037 3780 1100 3844 loci
1121 3799 1208 3845 nunc
1229 3778 1311 3844 mihi

191 3865 361 3931 enarrandi
384 3871 476 3948 sunt3
499 3867 528 3932 si
550 3869 660 3931 autem
682 3866 764 3933 hanc
785 3886 854 3931 rem
878 3866 1036 3951 exemplis
1059 3866 1138 3931 satis
1163 3885 1309 3950 compro-

191 3951 317 4031 bavero,
345 3953 461 4020 inutile
489 3952 553 4018 erit
582 3972 636 4018 eos
666 3952 754 4019 locos
781 3951 894 4018 afferre
922 3953 1051 4036 quibus,
1082 3971 1156 4017 cum
1183 3951 1311 4017 codices

191 4037 276 4105 inter
298 4058 333 4104 11
356 4037 551 4126 discrepent,
574 4038 689 4106 melior
710 4038 871 4125 scriptura
892 4037 1150 4122 Frisingensium
1174 4056 1309 4124 excerp-

1072 4155 1087 4213 2
1093 4155 1106 4187 11
