2988 4564
644 271 857 332 ...15-

188 455 400 544 triumph0s“,
418 457 505 540 quod
517 460 628 523 utrum
643 458 678 523 in
695 455 850 540 „oicrint“
866 456 1059 523 mutandum
1073 477 1115 522 an
1133 476 1172 522 ex
1188 456 1306 521 ceteris

189 546 281 615 libris
310 541 480 630 „poscent“
510 544 717 611 scribendum
746 544 798 623 sit,
827 563 868 609 ex
896 545 968 658 ipsa
989 563 1024 609 re
1048 542 1220 610 diiudicari
1242 562 1307 608 non

188 636 305 718 potest.
350 629 488 696 Versum
512 629 567 711 IV,
591 632 690 712 6,19,
712 630 769 696 ubi
790 629 817 695 F
843 630 906 712 „sis
931 681 939 711 ,
963 630 1062 695 ceteri
1086 626 1152 711 „si“
1175 629 1306 711 habent,

189 736 440 784 commemorare
467 717 547 783 satis
572 717 686 797 habeo,
713 718 866 800 quoniam
895 716 996 781 verba
1021 717 1091 782 sine
1115 715 1212 781 dubio
1236 736 1307 781 cor-

188 808 285 889 rupta
307 807 392 883 sunt,
412 805 445 868 et
463 802 502 868 de
520 822 632 868 eorum
648 801 873 869 emendatione
889 803 951 867 viri
967 803 1055 868 docti
1070 799 1307 882 dissentiunt.¹)

275 890 343 955 Iam
370 889 471 970 igitur
497 908 609 955 omnes
636 891 705 955 fere
734 891 896 971 graviores
923 889 1078 955 lectiones
1108 907 1189 973 quae
1212 886 1307 953 Ouia-

189 977 274 1042 ciani
288 976 437 1060 propriae
452 980 528 1041 sunt
542 977 822 1060 pertractavimus,
845 975 988 1041 vidimus
1004 978 1114 1041 autem
1128 994 1193 1040 non
1209 994 1306 1059 saepe

188 1063 223 1129 in
244 1063 305 1128 hoc
329 1062 439 1128 codice
461 1063 642 1146 scripturae
660 1062 796 1144 mendis,
811 1081 986 1144 numquam
1002 1063 1068 1127 fere
1084 1060 1307 1144 interpolatio-

188 1149 285 1215 nibus
311 1152 481 1232 peccatum
507 1168 588 1228 esse,
617 1152 728 1214 contra
756 1148 875 1213 multos
901 1148 988 1213 locos
1012 1149 1046 1213 in
1074 1147 1190 1213 ceteris
1214 1146 1307 1212 libris

190 1235 379 1317 gravissime
404 1233 597 1318 depravatos
619 1236 653 1300 in
676 1235 737 1299 hoc
753 1234 820 1299 solo
837 1233 945 1300 codice
961 1239 1047 1299 recte
1062 1233 1157 1298 tradi.
1195 1232 1307 1317 ltaque
1376 1259 1379 1264 ·

191 1320 357 1387 Ouiaciani
379 1321 555 1386 auctoritas
577 1320 720 1386 maxima
742 1320 829 1404 apud
850 1340 910 1386 nos
933 1320 1029 1386 debet
1052 1340 1131 1385 esse.
1170 1319 1307 1387 Nostros

190 1410 299 1474 autem
321 1407 422 1472 libros
449 1411 585 1491 apparet
608 1408 695 1472 omni
718 1406 934 1491 corruptionis
953 1426 1070 1488 genere
1092 1406 1203 1490 plenos
1226 1426 1306 1471 esse.

189 1492 302 1577 Neque
335 1493 396 1558 hoc
429 1494 463 1558 in
497 1513 569 1558 eam
602 1498 729 1559 tantum
762 1498 890 1577 partem
918 1492 1033 1559 cadere
1059 1493 1117 1558 ubi
1143 1490 1307 1557 Guiaeiani

190 1580 413 1645 testimonium
435 1578 528 1645 nobis
548 1584 677 1663 praesto
701 1582 761 1661 est,
784 1579 840 1645 sed
862 1579 904 1644 ad
926 1582 1031 1643 totum
1046 1578 1166 1644 Tibulli
1181 1582 1308 1645 textum

190 1666 374 1731 necessario
389 1666 548 1748 pertinere
565 1669 598 1731 et
612 1686 670 1750 per
686 1685 720 1731 se
736 1666 937 1747 intellegitur
951 1685 1054 1749 neque
1067 1664 1308 1729 Lachmannum

192 1751 286 1832 fugit,
310 1751 368 1833 qui
387 1751 434 1815 ita
457 1750 496 1816 de
518 1751 578 1816 hac
600 1773 634 1817 re
656 1753 813 1836 loquitur:
839 1749 924 1832 „Sed
940 1748 1084 1833 Scaliger
1107 1751 1222 1816 ceteris
1246 1750 1309 1816 cri·

191 1837 265 1901 ticis
288 1836 381 1917 longe
402 1836 527 1900 felicior
546 1837 768 1903 membranam
789 1840 1007 1921 pervetustum
1030 1841 1063 1903 et
1083 1836 1308 1903 emendatissi-

192 1942 278 1987 mam
302 1922 341 1986 ab
364 1920 479 1987 Iacobo
495 1920 627 1988 Guiacio
651 1924 887 1990 commodatam
910 1924 1046 2008 accepit,
1070 1943 1152 2007 quae
1173 1924 1238 1989 nisi
1260 1924 1308 1988 ita

191 2010 344 2075 truncata
365 2008 483 2073 fuisset
503 2011 542 2072 ut
563 2029 583 2072 a
603 2007 656 2090 ΠΙ,
679 2013 709 2090 4,
733 2011 773 2073 65
797 2010 927 2076 demum
949 2010 1116 2095 inciperet,
1143 2010 1177 2075 in
1199 2011 1308 2094 priore

191 2094 305 2160 horum
323 2094 502 2159 carminum
517 2098 609 2179 parte
624 2115 687 2159 non
702 2100 793 2161 tanta
807 2097 997 2162 mendarum
1009 2095 1183 2161 multitudo
1194 2097 1308 2161 relicta

192 2176 318 2261 esset²>
362 2179 482 2246 Errant
507 2183 616 2247 autem
640 2182 697 2264 qui
719 2202 759 2246 ex
780 2182 840 2247 hac
865 2203 899 2248 re
924 2182 1006 2265 illud
1030 2183 1182 2262 efficiunt,
1210 2182 1308 2248 licere

192 2266 255 2333 sibi
277 2265 399 2331 Tibulli
421 2268 557 2347 textum,
584 2265 782 2350 ubicumque
809 2268 932 2351 aliquid
958 2289 1022 2333 non
1044 2269 1130 2333 omni
1153 2271 1308 2353 exparte

191 2354 328 2437 placeat,
363 2354 431 2418 suis
465 2353 657 2419 commentis
690 2354 867 2436 inquinare.
925 2353 987 2430 Qui
1019 2356 1104 2419 enim
1140 2352 1307 2420 Cuiaoiani

191 2439 346 2505 lectiones
371 2443 519 2505 accurate
541 2439 841 2523 perscrutabuntur,
865 2441 969 2505 multa
996 2441 1064 2506 sine
1088 2440 1187 2505 dubio
1209 2441 1243 2505 in
1265 2441 1307 2505 iis

191 2526 356 2591 invenient
367 2544 450 2608 quae
466 2525 529 2589 viri
542 2524 628 2590 docti
644 2527 829 2590 coniectura
842 2545 1019 2609 numquam
1035 2527 1175 2592 assecuti
1188 2531 1306 2608 essent,

191 2612 296 2677 multa
318 2615 489 2696 praeterea
511 2630 605 2695 quae,
633 2611 698 2677 nisi
720 2610 887 2677 Cuiaciani
908 2613 1132 2677 testimonium
1155 2616 1306 2694 exstaret,

191 2699 256 2763 alia
281 2697 405 2763 ratione
431 2700 557 2763 mutare
585 2697 679 2762 facile
706 2697 891 2783 potuissent
916 2701 973 2763 aut
998 2700 1097 2763 etiam
1124 2718 1164 2764 ex
1186 2700 1307 2765 severis

192 2784 271 2849 artis
300 2784 431 2850 criticae
458 2782 585 2866 legibus
612 2783 810 2850 debuissent.
862 2783 977 2868 Neque
1006 2784 1065 2849 hoc
1093 2785 1212 2850 mirum
1242 2790 1306 2867 est3
1349 2805 1353 2815 ’

190 2889 266 2935 narn
289 2888 352 2953 quo
373 2870 471 2935 latius
493 2870 527 2934 in
549 2868 659 2935 codice
681 2870 790 2953 aliquo
812 2868 1018 2953 interpolatio
1041 2875 1187 2953 grassata
1203 2876 1254 2937 est
1269 2892 1307 2938 eo

192 2955 299 3020 minus
322 2958 408 3021 certe
425 2955 464 3022 de
481 2956 618 3038 singulis
632 2956 771 3023 iudicari
786 2960 904 3040 potest.
940 2954 976 3022 Si
991 2955 1147 3023 habemus
1163 2958 1307 3024 codicem

192 3042 249 3124 qui
281 3043 424 3107 veterem
456 3043 642 3107 memoriam
671 3042 808 3125 singulis
835 3044 962 3107 tantum
989 3043 1094 3108 literis
1126 3045 1307 3110 immutatis

191 3126 310 3210 reddit,
332 3128 463 3212 saepius
485 3148 660 3214 possumus
682 3129 749 3195 leni
771 3129 949 3194 mutatione
964 3131 1031 3193 tam
1047 3132 1161 3213 aptum
1176 3151 1308 3197 sensum

191 3215 318 3281 efficere
341 3219 379 3280 ut
401 3214 440 3280 de
464 3216 601 3281 veritate
626 3215 861 3282 emendationis
884 3214 1027 3281 dubitari
1047 3234 1113 3280 non
1134 3218 1250 3299 possit3
1273 3216 1307 3282 in

279 3383 299 3450 ¹)
317 3385 376 3438 Non
393 3388 464 3438 recte
482 3386 546 3439 mihi
562 3386 684 3438 ridentur
702 3386 815 3438 editores
832 3386 926 3439 fecisse
945 3385 1016 3452 quod
1033 3387 1062 3437 in
1072 3386 1122 3438 hoc
1134 3401 1212 3439 versu
1228 3389 1308 3441 verba

193 3453 297 3517 ,iuveni
315 3453 404 3520 grata“
423 3455 452 3506 in
469 3455 578 3507 dubium
595 3459 729 3508 voeanmt.
764 3455 827 3507 Veri
844 3455 929 3507 simile
947 3456 1017 3506 enim
1035 3458 1075 3507 est
1091 3455 1141 3507 hoc
1158 3470 1236 3508 versu
1253 3456 1307 3509 fere

190 3523 260 3575 idem
279 3523 364 3590 optari
381 3537 412 3575 ac
429 3538 505 3575 versu
526 3527 629 3576 octavo:

344 3589 395 3643 Sed
413 3592 509 3658 iuveni,
528 3607 633 3658 quaeso,
651 3596 742 3644 mutua
759 3592 845 3646 vinela
862 3607 934 3658 para.

190 3659 282 3726 Itaque
301 3660 429 3727 suspicari
447 3659 510 3712 licet
528 3661 661 3714 Tibullum
680 3661 826 3728 scripsisse,
846 3660 983 3728 quodiam
1002 3659 1121 3727 Heynius
1140 3659 1263 3712 coniecit:

344 3728 392 3781 Sit
409 3729 498 3781 iuveni
516 3733 598 3796 grata,
617 3733 647 3780 et
665 3729 753 3781 veniet
771 3746 829 3782 cum
847 3730 981 3796 proximus
999 3743 1094 3795 annua,

393 3797 436 3850 hic
453 3797 523 3849 idem
539 3798 617 3863 rotis,
635 3798 687 3850 iam
703 3801 788 3863 vetus,
807 3798 876 3850 adsit
894 3812 973 3849 amor.

278 3863 299 3931 l)
318 3866 449 3919 Praefatio
467 3881 526 3934 pag.
537 3866 586 3919 Vll
605 3869 631 3918 et
647 3866 741 3918 Kleine
755 3866 887 3919 Schriften
903 3881 963 3932 pag.
978 3864 1035 3917 146.
1066 3866 1128 3932 Ipsa
1145 3862 1308 3916 Lachmanni

191 3934 270 3987 verba
283 3934 362 3988 affero
378 3937 440 4003 quia
455 3935 662 4003 quiBaehrensii
677 3935 709 3986 de
722 3935 808 3987 haere
819 3934 915 3986 ineius
925 3934 992 3986 libro
1004 3931 1306 3997 „TibullischeBlttter“

86 4065 87 4071 ἵ
193 4002 397 4072 disputationem
414 4005 507 4073 legunt
519 4005 593 4057 aliter
605 4004 803 4056 Lachmannum
814 4002 945 4055 iudicasse
958 4003 1087 4071 suspicari
1098 4003 1174 4055 facile
1186 4003 1307 4070 possunt.
