2988 4564
551 259 854 348 '-aa-

187 493 249 559 que
265 493 330 540 non
345 470 460 539 dubito
476 471 555 555 quin
570 490 628 556 pro
643 472 741 539 verbo
755 472 863 538 minus
879 472 999 539 usitato
1016 472 1099 539 illud
1115 470 1306 557 „adoperta“

187 562 374 627 coniectura
394 558 539 643 positum
562 555 646 639 sit.¹)

273 645 326 728 ΙΙΙ,
350 647 381 727 6,
404 644 447 708 33
468 663 553 711 nunc
575 644 742 711 scribitur:

337 729 402 798 Hei
423 731 514 810 mihi,
537 729 668 796 difficile
691 736 743 798 est
763 731 885 796 imitari
907 729 1028 812 gaudia
1047 730 1140 812 falsa,

188 817 276 903 quod
302 837 344 885 ex
364 816 495 883 traditis
525 821 577 898 „et
601 814 702 883 mihi“
732 817 766 883 in
799 817 960 902 excerptis
992 817 1255 900 Frisingensibus
1278 823 1311 885 et

190 905 239 987 „si
249 901 349 968 mihi“
363 903 395 968 in
412 901 506 969 libris
522 903 706 970 coniectura
720 904 890 970 inventum
903 908 962 970 est.
996 902 1027 969 N
1029 924 1046 969 e
1061 904 1096 969 in
1111 905 1310 990 excerptoris

188 989 319 1076 quidem
350 988 459 1055 codice
493 988 626 1057 videtur
656 1010 769 1056 verum
802 989 958 1056 traditum
992 990 1109 1070 fuisse3
1142 991 1190 1057 sie
1223 992 1311 1057 enim

188 1076 343 1142 facillime
366 1074 546 1160 explicatur
561 1075 648 1160 quod
664 1079 816 1161 excerpta
836 1097 876 1144 ex
899 1078 1011 1162 aperta
1026 1077 1210 1143 coniectura
1227 1077 1312 1160 „heu

188 1182 284 1248 quam
308 1161 439 1229 difficile
462 1159 531 1229 est“
556 1182 582 1227 e.
607 1179 637 1247 q.
661 1183 687 1229 s.
711 1162 874 1229 exhibent.

275 1246 328 1331 IV,
354 1249 383 1330 1,
407 1248 448 1310 40
471 1252 698 1334 excerptorum
721 1250 882 1334 scriptura
903 1249 951 1315 ita
973 1248 1095 1332 optime
1118 1246 1310 1315 ahduellero

189 1335 352 1420 explicata
374 1337 425 1400 cst
445 1337 484 1399 ut
505 1334 674 1402 librarium
697 1335 840 1419 aliquem
866 1332 957 1417 „hic“
982 1354 1045 1400 non
1073 1353 1131 1418 pro
1155 1335 1310 1401 adverbio

190 1421 250 1489 sed
275 1440 334 1505 pro
362 1421 561 1486 nominativo
590 1422 754 1506 accepisse
777 1425 811 1488 et
832 1422 872 1488 ob
888 1439 1027 1505 sequens
1042 1420 1175 1487 verbum
1201 1418 1311 1504 „laus“

187 1507 379 1575 femininum
404 1505 522 1589 „haec“
551 1509 734 1601 restituisse
757 1511 903 1594 poneret.
1041 1566 1044 1572 .

274 1593 328 1675 IV,
359 1595 386 1675 1,
414 1593 456 1654 46
482 1593 593 1678 inepte
623 1596 680 1678 qui
706 1595 940 1680 panegyricum
970 1591 1153 1678 composuit
1184 1591 1312 1659 locutus

189 1684 249 1761 est,
276 1679 363 1764 quod
391 1678 474 1745 dixit
499 1680 660 1745 neminem
690 1681 791 1747 alium
819 1680 947 1745 civilem
974 1678 1168 1746 seditionem
1197 1677 1310 1744 sedare

188 1785 282 1851 posse
305 1763 501 1847 (addendum
532 1767 618 1830 enim
646 1771 715 1832 eret
746 1770 832 1848 „tam
857 1763 985 1848 benc“)‚
1013 1783 1210 1848 quamquem
1234 1765 1313 1847 quin

194 1852 249 1917 illc
279 1852 326 1917 sic
353 1850 480 1918 locutus
507 1853 552 1918 sit
577 1850 719 1917 dubitari
747 1873 811 1918 nou
837 1855 954 1938 potest.
998 1850 1051 1917 Ex
1077 1849 1178 1916 simili
1203 1856 1313 1916 autem

194 1936 314 2038 iudicio
337 1940 444 2003 ortum
473 1957 545 2003 esse
564 1937 702 2052 ‘pidetur
729 1938 815 2022 quod
844 1940 995 2023 excerpta
1022 1936 1176 2037 exhibent
1199 1956 1312 2052 „gemo

191 2022 437 2192 thadal
459 2026 562 2195 edd
583 2024 1219 2194 altillohilltltfr‘qotll
1242 2044 1314 2176 tlt

192 2195 377 2282 panegyrici
402 2200 516 2261 auctor
537 2196 593 2262 Au
638 2197 681 2262 sti
703 2199 810 2263 aetate
834 2196 955 2263 vixisse
977 2199 1123 2281 putatur.

278 2281 348 2347 Iam
362 2280 443 2347 mihi
458 2281 483 2347 ii
497 2282 560 2348 loci
575 2303 595 2348 a
619 2282 730 2349 erendi
745 2286 823 2350 sunt
838 2283 956 2368 quibus
971 2302 1084 2348 verum
1101 2281 1136 2346 in
1152 2282 1314 2366 excerptis

190 2367 348 2434 traditum
371 2387 442 2433 esse
462 2371 551 2453 puto.
596 2368 740 2446 Quorum
756 2389 830 2434 cum
844 2369 941 2434 multi
952 2369 1000 2434 ita
1011 2368 1188 2452 comparati
1200 2367 1266 2432 sint
1276 2371 1315 2432 ut

191 2447 374 2520 coniectura
393 2474 508 2520 verum
523 2455 618 2521 facile
634 2454 774 2523 inveniri
788 2456 941 2539 potuerit,
957 2458 1065 2520 tamen
1079 2457 1205 2519 restant
1226 2453 1313 2520 haud

189 2540 286 2625 pauci
297 2540 414 2622 quibus
424 2536 484 2607 hoc
495 2542 677 2627 praefracte
689 2540 871 2626 negandum
883 2561 953 2606 esse
963 2539 1044 2604 mihi
1057 2538 1215 2605 videatur.
1231 2537 1314 2605 Gon·

192 2627 337 2692 iacturae
360 2626 496 2693 fortasse
523 2627 730 2695 tribuendum
753 2631 804 2694 est
828 2626 914 2711 quod
936 2628 1090 2711 excerpta
1111 2625 1135 2706 Ι,
1161 2628 1190 2706 1,
1214 2625 1232 2687 2
1256 2645 1313 2691 ox-

193 2711 306 2778 hibent
336 2711 466 2793 „iugera
491 2712 614 2779 multa“
643 2735 717 2780 cum
748 2713 908 2798 excerptis
933 2711 1205 2794 Frisingensibus,
1239 2731 1314 2777 eum

192 2797 320 2864 codices
335 2796 476 2863 habeant
489 2799 621 2882 „ingere
633 2798 780 2883 magna“,
797 2799 884 2884 quod
898 2799 1035 2865 fortasse
1052 2797 1183 2863 defendi
1196 2800 1311 2882 potest,

191 2904 253 2950 nee
274 2883 384 2950 minus
406 2883 429 2964 Ι,
455 2884 526 2966 1,5
556 2886 643 2965 „rita
667 2884 785 2952 inerti“
812 2905 926 2952 rursus
952 2904 1025 2950 eum
1051 2884 1214 2969 excerptis
1240 2882 1312 2950 Fri-

194 2969 398 3053 singensibus
413 2987 471 3054 pro
489 2970 594 3051 „vitae
611 2970 739 3037 inerti“.
771 2972 796 3053 Ι,
814 2976 842 3055 1,
859 2973 899 3034 29
916 2970 1089 3054 singularis
1107 2967 1310 3051 „bidentem“

192 3058 280 3120 recte
309 3054 391 3120 mihi
418 3054 548 3121 videtur
576 3076 595 3121 a
620 3055 816 3124 Baehrensio
842 3059 876 3123 in
901 3061 1027 3124 textum
1052 3060 1205 3141 receptus
1232 3077 1312 3122 csse.

192 3141 324 3207 Poetica
346 3141 433 3207 euim
456 3142 557 3208 oratio
582 3161 618 3207 eo
639 3142 805 3227 pulchrior
828 3150 879 3210 est
900 3163 964 3229 quo
986 3143 1089 3226 magis
1113 3145 1235 3208 certam
1251 3142 1311 3208 ali-

193 3247 292 3312 quam
318 3226 492 3310 imaginem
520 3229 626 3294 animo
654 3247 830 3313 proponere
861 3249 1050 3314 possumus3
1084 3227 1170 3311 quod
1196 3229 1225 3293 si
1251 3228 1312 3294 hoo

193 3333 320 3398 quoque
342 3313 412 3380 loco
434 3314 581 3396 facimus,
604 3314 741 3400 pluralis
763 3334 825 3380 non
845 3320 940 3399 aptus
956 3319 1015 3397 est,
1038 3315 1115 3398 quia
1130 3314 1199 3380 sine
1214 3313 1311 3380 dubio

191 3421 293 3466 uuum
314 3403 441 3465 tantum
466 3400 630 3468 bidentem
645 3399 793 3466 Tibullus
809 3400 920 3467 eodem
936 3405 1083 3486 tempore
1098 3401 1214 3467 tenuit.
1248 3400 1312 3466 Ita-

193 3505 257 3570 que
276 3485 413 3572 plurulis
440 3487 474 3553 in
501 3489 691 3556 universnm
719 3487 828 3573 potius
858 3485 965 3553 dictus
991 3490 1085 3555 esset.
1130 3484 1194 3553 Sed
1216 3487 1311 3552 facile

282 3723 302 3787 ¹)
320 3724 392 3778 Idem
410 3724 518 3777 verbum
535 3724 622 3778 fraudi
639 3726 691 3779 fuit
708 3725 822 3778 librariis
840 3724 874 3790 ΙΙ,
893 3720 917 3789 5,
935 3720 977 3788 95,
995 3723 1042 3776 ubi
1060 3738 1107 3791 pro

346 3793 422 3846 Tunc
444 3807 459 3846 o
481 3796 552 3846 creta
574 3793 622 3846 deo
644 3795 729 3861 pubes
754 3794 903 3846 discumbet
923 3792 952 3843 iu
969 3791 1049 3843 herba

193 3861 356 3916 Lachmanni
373 3862 396 3915 B
414 3809 480 3914 ab

197 3932 311 3999 operar

481 3862 611 3914 aehrcnaii
627 3862 817 3916 Ambrosianus
835 3866 862 3915 et
879 3861 1022 3916 Vaticanus
1045 3859 1171 3914 exhibant
1190 3865 1269 3924 „tunc
1286 3865 1313 3914 et

1093 4027 1109 4080 3
