2988 4564
557 258 871 322 ‚-25-

89 466 94 479 ’
200 444 257 511 illo
280 444 389 513 codice
413 446 570 532 scriptum
593 446 692 513 merit
708 465 805 531 qnam
822 447 1001 515 certissime
1017 447 1229 515 constitutum
1245 445 1317 528 erit

201 552 297 616 quam
320 533 542 618 quaestionem
563 533 706 600 instituit
729 555 805 600 sane
820 534 992 602 Richterus
1015 533 1073 602 sed
1095 555 1158 601 non
1178 535 1316 620 peregit.

200 617 271 684 Hoc
304 623 414 686 autem
446 624 495 686 ut*
515 624 672 706 appareat
704 620 879 686 videndum
906 625 957 687 est
982 620 1101 706 quibus
1127 621 1235 687 causis
1261 640 1318 685 ex-

200 709 327 790 cerptor
349 706 391 772 ad
412 706 565 772 traditam
581 707 777 791 scripturam
792 707 1027 773 immutandam
1043 706 1161 773 adduci
1175 707 1319 792 potuerit

199 794 257 855 aut
278 811 312 857 re
334 811 411 857 vera
434 792 595 859 adductus
617 792 671 874 sit,
694 794 715 857 i.
733 813 759 858 e.
783 811 866 876 quae
889 794 1024 861 consilia
1037 793 1071 859 in
1086 794 1146 859 hoc
1160 793 1316 874 florilegio

199 878 417 963 componendo
440 882 573 945 secutus
595 879 647 946 sit.
686 878 757 956 Qua
779 879 818 945 de
840 899 876 945 re
899 882 976 964 quia
999 880 1091 946 video
1107 900 1170 945 non
1187 900 1318 1031 semper

197 968 286 1029 recte
314 964 452 1030 iudicari
480 966 520 1031 ab
549 965 590 1031 iis
618 965 775 1048 quiante
802 986 854 1031 me
882 965 1008 1032 dehac
1036 967 1222 1049 quaestione
1272 966 1316 1030 is-

197 1053 404 1134 putaverunt,
432 1052 541 1117 omnia
566 1054 674 1117 autem
701 1054 899 1136 pertractare
926 1052 1057 1135 longum
1080 1056 1138 1132 est,
1166 1051 1316 1137 equidem

197 1137 244 1200 ita
277 1156 370 1218 agam
403 1140 441 1215 ut
474 1138 632 1222 exemplis
659 1138 799 1204 maxime
826 1138 952 1206 idoneis
979 1138 1086 1204 allatis
1115 1139 1315 1222 singulisque

197 1220 456 1307 interpolationis
482 1224 656 1306 generibus
679 1224 866 1291 constitutis
892 1226 949 1310 qui
976 1225 1093 1309 cuique
1121 1225 1230 1306 generi
1253 1224 1316 1290 loci

88 1339 90 1342 >
197 1308 362 1374 tribuendi
385 1310 452 1375 sint
474 1310 666 1395 simpliciter
689 1330 846 1376 enarrem.

281 1410 393 1478 Facile
428 1415 564 1497 apparet
595 1416 759 1479 auctorem
795 1414 912 1480 horum
949 1416 1177 1498 excerptorum
1212 1413 1315 1480 fuisse

196 1497 295 1562 medii
324 1498 397 1563 aevi
423 1499 628 1579 monachum,
656 1501 713 1582 qui
740 1500 774 1565 in
800 1500 958 1582 eligendis
980 1500 1059 1565 locis
1083 1500 1177 1564 eain
1199 1501 1315 1583 primis

197 1582 364 1649 sentabat
395 1602 477 1667 qnae
511 1584 553 1650 ad
584 1584 751 1651 hominum
788 1606 893 1652 mores
932 1586 1136 1667 corrigendos
1172 1586 1314 1652 maxime

196 1604 312 1734 idonea
333 1669 364 1735 ei
386 1669 586 1737 videbantur.
624 1671 735 1755 ltaque
758 1673 945 1757 saepissime
967 1673 1002 1738 in
1018 1672 1179 1756 excerptis
1203 1692 1314 1738 occur·

10 1836 11 1847 ἵ
63 1770 68 1788 ·
196 1758 273 1819 runt
299 1756 479 1821 sententiae
506 1757 656 1836 moratae,
682 1759 803 1842 partim
830 1759 952 1840 breves,
978 1779 1080 1824 unum
1104 1778 1233 1824 versum
1262 1758 1315 1823 vel

197 1839 356 1906 distichon
372 1842 560 1922 efficientes,
584 1843 701 1927 partim
718 1845 816 1909 etiam
831 1844 980 1911 fusiores.
1006 1844 1178 1910 Praeterea
1192 1843 1315 1928 recepit

167 1962 169 1967 >
195 1946 258 1991 non
277 1927 384 1994 nullos
406 1927 495 1994 locos
518 1930 575 2011 qui
596 1928 679 1994 nihil
700 1929 797 1996 huius
812 1930 901 1996 modi
916 1931 1082 1997 continent
1097 1929 1154 1995 sed
1168 1930 1313 2015 pulchri·

194 2013 318 2092 tudine,
355 2032 438 2097 quae
469 2012 519 2078 illi
552 2015 731 2095 videbatur,
768 2018 897 2103 poetica
929 2018 960 2082 ei
995 2016 1311 2097 commendabantur,

194 2100 335 2165 maxime
365 2119 406 2165 ex
434 2102 637 2186 panegyrico.
692 2101 728 2168 In
757 2103 872 2187 primis
899 2103 923 2168 ii
945 2103 1009 2169 loci
1032 2103 1060 2167 ei
1082 2102 1244 2187 placuisse
1264 2103 1312 2167 vi-

195 2185 312 2251 dentur
334 2186 453 2268 quibus
468 2207 520 2252 res
536 2187 647 2271 aliqua
660 2189 789 2273 poetico
805 2189 910 2254 colore
926 2188 1169 2274 depingebatur.
1203 2186 1312 2254 Huius

193 2272 281 2338 modi
308 2276 419 2337 autem
446 2272 514 2337 loci
535 2293 608 2339 cum
633 2275 731 2340 soluti
753 2296 793 2341 ex
815 2275 1050 2341 sententiarum
1073 2295 1219 2340 connexu
1240 2274 1311 2426 ple·

193 2376 329 2442 rumque
353 2357 497 2441 intellegi
518 2380 581 2425 non
603 2365 745 2444 possent,
768 2382 831 2426 non
847 2361 948 2427 nullis
971 2361 1120 2427 versibus
1136 2360 1225 2426 tituli
1254 2381 1312 2426 oco

194 2442 333 2592 gebgrpfa
364 2464 400 2510 re
434 2448 584 2532 ageretur
616 2447 837 2532 praescripsit.
893 2446 947 2514 Sic
984 2448 1109 2533 recepit
1141 2447 1250 2513 locum
1286 2445 1310 2528 I,

216 2578 224 2610 ,
326 2576 348 2592 ..

340 2626 404 2696 Hic
427 2627 563 2696 choreae
586 2635 766 2717 cantusque
793 2634 914 2716 vigent,
942 2636 1130 2720 passimque
1158 2640 1311 2719 vagantes

392 2714 485 2781 dulce
508 2719 623 2782 sonant
644 2719 734 2785 tenui
756 2722 887 2803 gutture
910 2741 1039 2786 carmen
1061 2740 1147 2801 eves,
1277 2767 1280 2771 .

339 2801 402 2865 fert
424 2801 545 2867 casiam
567 2823 632 2868 non
654 2805 742 2870 culta
763 2826 856 2888 seges
878 2809 1028 2890 totosque
1050 2826 1225 2892 peragras

390 2887 483 2952 floret
506 2887 648 2954 odoratis
670 2894 758 2957 terra
779 2892 919 2975 benigna
940 2892 1034 2959 rosis.

274 2986 369 3070 Apud
387 2987 551 3054 Tibullum
573 2988 654 3056 haec
674 2994 772 3058 verba
793 2994 835 3059 ad
856 3014 987 3080 campos
1006 2994 1137 3078 Elysios
1163 2996 1310 3080 proximo

188 3078 577 3149 versucommemoratos
599 3097 615 3142 s
639 3081 760 3157 eotant3
784 3099 842 3164 per
864 3101 898 3146 se
919 3081 1065 3164 intellegi
1095 3083 1224 3147 omnino
1246 3102 1310 3147 non

186 3162 319 3243 possent
329 3159 394 3225 nisi
405 3164 608 3246 excerptora
654 3168 792 3230 otasset:
811 3165 878 3247 „De
890 3166 960 3232 loc-o
973 3168 1094 3250 quietis
1106 3165 1308 3234 ininlem0“.

186 3244 326 3311 Addidit
359 3250 468 3313 antem
500 3248 581 3313 talia
615 3250 714 3315 etiam
749 3251 795 3316 ibi
828 3253 886 3318 ubi
916 3254 996 3336 quid
1022 3254 1181 3336 significet
1213 3257 1311 3340 poeta

186 3330 328 3395 dubitari
351 3352 414 3397 non
459 3336 552 3399 otest.
598 3333 652 3402 Sic
686 3335 728 3402 ad
760 3338 857 3404 verba
879 3337 919 3421 H,
944 3341 975 3421 4,
1002 3342 1051 3422 11,
1086 3360 1169 3425 quae
1196 3341 1229 3406 in
1253 3361 1309 3406 ex·
1415 3413 1418 3416 ,

186 3415 306 3501 carptis
329 3418 377 3482 sic
399 3352 608 3507 exbibentur:

336 3517 432 3585 Nunc
454 3524 487 3585 et
509 3542 618 3588 amara
640 3522 711 3589 dies
734 3529 767 3591 et
787 3526 890 3592 noctis
913 3524 1054 3594 amarior
1074 3530 1190 3596 umbra
1212 3534 1275 3596 est:

388 3606 497 3671 omnia
517 3627 602 3673 nunc
624 3611 714 3676 tristi
735 3614 884 3697 tempora
906 3614 981 3679 felle
1004 3613 1146 3695 madent,

184 3706 366 3773 adnotavit:
404 3705 594 3788 „Decimio
618 3711 688 3778 dico
712 3711 853 3795 dolore“‚
876 3714 962 3797 quod
983 3716 1122 3783 fortasse
1145 3718 1245 3784 etiam
1268 3720 1308 3786 ob

184 3813 253 3858 eam
278 3813 346 3859 rem
369 3792 694 3865 animaduertendum
723 3803 774 3866 est
801 3799 887 3883 quod
916 3805 1086 3886 excerptor
1107 3804 1213 3888 prima
1234 3825 1307 3890 per-

183 3879 398 3959 concutitur,
422 3880 515 3964 quasi
538 3901 607 3962 sua,
629 3906 693 3952 non
716 3886 801 3952 alius
823 3888 937 3970 poetae
953 3887 1052 3953 verba
1068 3888 1191 3954 afferat.
1237 3890 1308 3968 Qua

183 3983 257 4029 curn
278 3985 313 4031 ro
336 3965 458 4050 optime
481 3971 645 4036 consentit
667 3972 752 4056 quod
774 3971 895 4039 tradita
916 3972 1015 4039 verba
1042 3994 1306 4062 nonnumquam
