<?xml version="1.0" encoding="UTF-8"?>
<!DOCTYPE html PUBLIC "-//W3C//DTD XHTML 1.0 Transitional//EN"
    "http://www.w3.org/TR/xhtml1/DTD/xhtml1-transitional.dtd">
<html xmlns="http://www.w3.org/1999/xhtml" xml:lang="en" lang="en">
 <head>
  <title>
</title>
<meta http-equiv="Content-Type" content="text/html;charset=utf-8" />
  <meta name='ocr-system' content='tesseract 3.04.00' />
  <meta name='ocr-capabilities' content='ocr_page ocr_carea ocr_par ocr_line ocrx_word'/>
</head>
<body>
  <div class='ocr_page' id='page_1' title='image "./detibullicodici00rothgoog_0107.png"; bbox 0 0 2988 4564; ppageno 0'>
   <div class='ocr_carea' id='block_1_1' title="bbox 625 282 839 349">
    <p class='ocr_par' dir='ltr' id='par_1_1' title="bbox 625 282 839 349">
     <span class='ocr_line' id='line_1_1' title="bbox 625 282 839 349; baseline 0.014 -20"><span class='ocrx_word' id='word_1_1' title='bbox 625 282 839 349; x_wconf 57' lang='lat'>..94-</span> 
     </span>
    </p>
   </div>
   <div class='ocr_carea' id='block_1_2' title="bbox 155 465 1287 557">
    <p class='ocr_par' dir='ltr' id='par_1_2' title="bbox 155 465 1287 557">
     <span class='ocr_line' id='line_1_2' title="bbox 155 465 1287 557; baseline 0.014 -26"><span class='ocrx_word' id='word_1_2' title='bbox 155 465 263 533; x_wconf 76' lang='lat' dir='ltr'><strong>‘aliter</strong></span> <span class='ocrx_word' id='word_1_3' title='bbox 285 467 384 534; x_wconf 84' lang='lat' dir='ltr'><strong>verba</strong></span> <span class='ocrx_word' id='word_1_4' title='bbox 405 468 489 536; x_wconf 87' lang='lat' dir='ltr'><strong>inter</strong></span> <span class='ocrx_word' id='word_1_5' title='bbox 511 491 546 538; x_wconf 90' lang='lat' dir='ltr'><strong>se</strong></span> <span class='ocrx_word' id='word_1_6' title='bbox 567 470 718 557; x_wconf 76' lang='lat' dir='ltr'><strong>coniungi</strong></span> <span class='ocrx_word' id='word_1_7' title='bbox 738 474 804 540; x_wconf 88' lang='lat' dir='ltr'><strong>nisi</strong></span> <span class='ocrx_word' id='word_1_8' title='bbox 825 474 885 540; x_wconf 88' lang='lat' dir='ltr'><strong>ita:</strong></span> <span class='ocrx_word' id='word_1_9' title='bbox 916 474 1030 544; x_wconf 90' lang='lat' dir='ltr'><strong>Libcm</strong></span> <span class='ocrx_word' id='word_1_10' title='bbox 1057 477 1156 545; x_wconf 88' lang='lat' dir='ltr'><strong>mella</strong></span> <span class='ocrx_word' id='word_1_11' title='bbox 1178 479 1287 546; x_wconf 88' lang='lat' dir='ltr'><strong>dulcia</strong></span> 
     </span>
    </p>
   </div>
   <div class='ocr_carea' id='block_1_3' title="bbox 166 552 1286 735">
    <p class='ocr_par' dir='ltr' id='par_1_3' title="bbox 166 552 1286 735">
     <span class='ocr_line' id='line_1_3' title="bbox 167 552 1286 648; baseline 0.013 -29"><span class='ocrx_word' id='word_1_12' title='bbox 167 552 336 645; x_wconf 88' lang='lat' dir='ltr'><strong>Mopsopio</strong></span> <span class='ocrx_word' id='word_1_13' title='bbox 359 556 443 621; x_wconf 84' lang='lat' dir='ltr'><strong>favo.</strong></span> <span class='ocrx_word' id='word_1_14' title='bbox 488 557 592 642; x_wconf 81' lang='lat' dir='ltr'><strong>Atqui</strong></span> <span class='ocrx_word' id='word_1_15' title='bbox 615 558 750 640; x_wconf 86' lang='lat' dir='ltr'><strong>,‚favus“</strong></span> <span class='ocrx_word' id='word_1_16' title='bbox 773 563 933 644; x_wconf 82' lang='lat' dir='ltr'><strong>significat</strong></span> <span class='ocrx_word' id='word_1_17' title='bbox 958 564 1044 648; x_wconf 91' lang='lat' dir='ltr'><strong>quod</strong></span> <span class='ocrx_word' id='word_1_18' title='bbox 1065 584 1124 631; x_wconf 91' lang='lat' dir='ltr'><strong>nos</strong></span> <span class='ocrx_word' id='word_1_19' title='bbox 1147 566 1286 633; x_wconf 84' lang='lat' dir='ltr'><strong>dicimus</strong></span> 
     </span>
     <span class='ocr_line' id='line_1_4' title="bbox 166 640 1285 735; baseline 0.013 -31"><span class='ocrx_word' id='word_1_20' title='bbox 166 640 241 721; x_wconf 82' lang='lat' dir='ltr'><strong>„die</strong></span> <span class='ocrx_word' id='word_1_21' title='bbox 263 640 533 725; x_wconf 82' lang='lat' dir='ltr'><strong>Honigscheibe“,</strong></span> <span class='ocrx_word' id='word_1_22' title='bbox 560 645 624 710; x_wconf 93' lang='lat' dir='ltr'><strong>mel</strong></span> <span class='ocrx_word' id='word_1_23' title='bbox 650 646 685 710; x_wconf 95' lang='lat' dir='ltr'><strong>id</strong></span> <span class='ocrx_word' id='word_1_24' title='bbox 708 647 817 731; x_wconf 89' lang='lat' dir='ltr'><strong>ipsum</strong></span> <span class='ocrx_word' id='word_1_25' title='bbox 843 649 931 732; x_wconf 91' lang='lat' dir='ltr'><strong>quod</strong></span> <span class='ocrx_word' id='word_1_26' title='bbox 956 650 1095 717; x_wconf 82' lang='lat' dir='ltr'><strong>dicimus</strong></span> <span class='ocrx_word' id='word_1_27' title='bbox 1125 651 1285 735; x_wconf 83' lang='lat' dir='ltr'><strong>„Honig“‚</strong></span> 
     </span>
    </p>
   </div>
   <div class='ocr_carea' id='block_1_4' title="bbox 114 730 1286 4016">
    <p class='ocr_par' dir='ltr' id='par_1_4' title="bbox 164 730 1286 1396">
     <span class='ocr_line' id='line_1_5' title="bbox 167 730 1285 812; baseline 0.013 -21"><span class='ocrx_word' id='word_1_28' title='bbox 167 730 201 792; x_wconf 93' lang='lat' dir='ltr'><strong>et</strong></span> <span class='ocrx_word' id='word_1_29' title='bbox 236 746 433 812; x_wconf 89' lang='lat' dir='ltr'><strong>quamquam</strong></span> <span class='ocrx_word' id='word_1_30' title='bbox 464 731 602 798; x_wconf 88' lang='lat' dir='ltr'><strong>fortasse</strong></span> <span class='ocrx_word' id='word_1_31' title='bbox 637 733 878 801; x_wconf 90' lang='lat' dir='ltr'><strong>concedendum</strong></span> <span class='ocrx_word' id='word_1_32' title='bbox 908 738 960 801; x_wconf 92' lang='lat' dir='ltr'><strong>est</strong></span> <span class='ocrx_word' id='word_1_33' title='bbox 987 735 1068 803; x_wconf 92' lang='lat' dir='ltr'><strong>haee</strong></span> <span class='ocrx_word' id='word_1_34' title='bbox 1095 738 1195 804; x_wconf 84' lang='lat' dir='ltr'><strong>verba</strong></span> <span class='ocrx_word' id='word_1_35' title='bbox 1220 759 1285 804; x_wconf 94' lang='lat' dir='ltr'><strong>non</strong></span> 
     </span>
     <span class='ocr_line' id='line_1_6' title="bbox 165 815 1285 904; baseline 0.012 -27"><span class='ocrx_word' id='word_1_36' title='bbox 165 832 345 897; x_wconf 81' lang='lat' dir='ltr'><strong>numquam</strong></span> <span class='ocrx_word' id='word_1_37' title='bbox 371 815 456 881; x_wconf 87' lang='lat' dir='ltr'><strong>inter</strong></span> <span class='ocrx_word' id='word_1_38' title='bbox 483 836 517 882; x_wconf 93' lang='lat' dir='ltr'><strong>se</strong></span> <span class='ocrx_word' id='word_1_39' title='bbox 544 821 725 902; x_wconf 91' lang='lat' dir='ltr'><strong>permutari</strong></span> <span class='ocrx_word' id='word_1_40' title='bbox 751 840 857 904; x_wconf 83' lang='lat' dir='ltr'><strong>posse,</strong></span> <span class='ocrx_word' id='word_1_41' title='bbox 890 823 999 887; x_wconf 89' lang='lat' dir='ltr'><strong>tamen</strong></span> <span class='ocrx_word' id='word_1_42' title='bbox 1024 843 1088 888; x_wconf 91' lang='lat' dir='ltr'><strong>non</strong></span> <span class='ocrx_word' id='word_1_43' title='bbox 1115 824 1193 890; x_wconf 91' lang='lat' dir='ltr'><strong>licet</strong></span> <span class='ocrx_word' id='word_1_44' title='bbox 1214 845 1285 890; x_wconf 90' lang='lat' dir='ltr'><strong>rem</strong></span> 
     </span>
     <span class='ocr_line' id='line_1_7' title="bbox 164 899 1286 991; baseline 0.012 -29"><span class='ocrx_word' id='word_1_45' title='bbox 164 899 213 963; x_wconf 88' lang='lat' dir='ltr'><strong>ita</strong></span> <span class='ocrx_word' id='word_1_46' title='bbox 238 919 372 984; x_wconf 88' lang='lat' dir='ltr'><strong>prorsus</strong></span> <span class='ocrx_word' id='word_1_47' title='bbox 398 902 559 969; x_wconf 89' lang='lat' dir='ltr'><strong>invertere</strong></span> <span class='ocrx_word' id='word_1_48' title='bbox 586 909 634 987; x_wconf 87' lang='lat' dir='ltr'><strong>ut,</strong></span> <span class='ocrx_word' id='word_1_49' title='bbox 668 925 744 970; x_wconf 91' lang='lat' dir='ltr'><strong>cum</strong></span> <span class='ocrx_word' id='word_1_50' title='bbox 771 907 864 972; x_wconf 84' lang='lat' dir='ltr'><strong>favus</strong></span> <span class='ocrx_word' id='word_1_51' title='bbox 892 912 1020 975; x_wconf 88' lang='lat' dir='ltr'><strong>constet</strong></span> <span class='ocrx_word' id='word_1_52' title='bbox 1045 909 1152 991; x_wconf 90' lang='lat' dir='ltr'><strong>melle,</strong></span> <span class='ocrx_word' id='word_1_53' title='bbox 1186 912 1286 976; x_wconf 87' lang='lat' dir='ltr'><strong>mella</strong></span> 
     </span>
     <span class='ocr_line' id='line_1_8' title="bbox 165 988 1286 1081; baseline 0.012 -32"><span class='ocrx_word' id='word_1_54' title='bbox 165 989 313 1051; x_wconf 74' lang='lat' dir='ltr'>constare</span> <span class='ocrx_word' id='word_1_55' title='bbox 335 988 410 1052; x_wconf 85' lang='lat' dir='ltr'><strong>favo</strong></span> <span class='ocrx_word' id='word_1_56' title='bbox 433 988 591 1055; x_wconf 91' lang='lat' dir='ltr'><strong>dicantur.</strong></span> <span class='ocrx_word' id='word_1_57' title='bbox 626 991 738 1075; x_wconf 88' lang='lat' dir='ltr'><strong>ltaque</strong></span> <span class='ocrx_word' id='word_1_58' title='bbox 761 992 814 1058; x_wconf 92' lang='lat' dir='ltr'><strong>hic</strong></span> <span class='ocrx_word' id='word_1_59' title='bbox 836 997 922 1059; x_wconf 87' lang='lat' dir='ltr'><strong>certe</strong></span> <span class='ocrx_word' id='word_1_60' title='bbox 939 994 1083 1060; x_wconf 88' lang='lat' dir='ltr'><strong>dubitari</strong></span> <span class='ocrx_word' id='word_1_61' title='bbox 1097 1015 1161 1061; x_wconf 91' lang='lat' dir='ltr'><strong>non</strong></span> <span class='ocrx_word' id='word_1_62' title='bbox 1176 1000 1286 1081; x_wconf 92' lang='lat' dir='ltr'><strong>potest</strong></span> 
     </span>
     <span class='ocr_line' id='line_1_9' title="bbox 165 1070 1282 1232; baseline 0.012 -96"><span class='ocrx_word' id='word_1_63' title='bbox 165 1070 295 1223; x_wconf 72' lang='lat' dir='ltr'><strong>quindG</strong></span> <span class='ocrx_word' id='word_1_64' title='bbox 317 1073 393 1139; x_wconf 87' lang='lat' dir='ltr'><strong>libri</strong></span> <span class='ocrx_word' id='word_1_65' title='bbox 416 1076 586 1177; x_wconf 37' lang='lat' dir='ltr'><strong>scriptura·</strong></span> <span class='ocrx_word' id='word_1_66' title='bbox 598 1077 646 1227; x_wconf 49' lang='grc'><strong>113</strong></span> <span class='ocrx_word' id='word_1_67' title='bbox 668 1079 864 1229; x_wconf 41' lang='lat' dir='ltr'><strong>&amp;latim</strong></span> <span class='ocrx_word' id='word_1_68' title='bbox 884 1080 1087 1232; x_wconf 42' lang='lat' dir='ltr'><strong>levissgmupn</strong></span> <span class='ocrx_word' id='word_1_69' title='bbox 1102 1083 1282 1167; x_wconf 75' lang='lat' dir='ltr'><strong>scripturae</strong></span> 
     </span>
     <span class='ocr_line' id='line_1_10' title="bbox 164 1178 1077 1232; baseline 0.011 -10"><span class='ocrx_word' id='word_1_70' title='bbox 164 1178 239 1224; x_wconf 90' lang='lat' dir='ltr'><strong>men</strong></span> <span class='ocrx_word' id='word_1_71' title='bbox 262 1178 319 1223; x_wconf 90' lang='lat' dir='ltr'><strong>um</strong></span> <span class='ocrx_word' id='word_1_72' title='bbox 378 1179 552 1227; x_wconf 81' lang='lat' dir='ltr'><strong>avissrmae</strong></span> <span class='ocrx_word' id='word_1_73' title='bbox 576 1182 644 1228; x_wconf 91' lang='lat' dir='ltr'><strong>mc</strong></span> <span class='ocrx_word' id='word_1_74' title='bbox 686 1183 738 1228; x_wconf 89' lang='lat' dir='ltr'><strong>oa</strong></span> <span class='ocrx_word' id='word_1_75' title='bbox 766 1184 820 1229; x_wconf 92' lang='lat' dir='ltr'><strong>om</strong></span> <span class='ocrx_word' id='word_1_76' title='bbox 842 1185 954 1232; x_wconf 86' lang='lat' dir='ltr'><strong>ansam</strong></span> <span class='ocrx_word' id='word_1_77' title='bbox 998 1187 1077 1232; x_wconf 88' lang='lat' dir='ltr'><strong>are.</strong></span> 
     </span>
     <span class='ocr_line' id='line_1_11' title="bbox 164 1180 1283 1396; baseline 0.011 -87"><span class='ocrx_word' id='word_1_78' title='bbox 164 1330 185 1395; x_wconf 74' lang='lat' dir='ltr'>d</span> <span class='ocrx_word' id='word_1_79' title='bbox 250 1244 274 1326; x_wconf 82' lang='grc' dir='ltr'><strong>Ι,</strong></span> <span class='ocrx_word' id='word_1_80' title='bbox 284 1332 291 1345; x_wconf 29' lang='grc' dir='ltr'>ι</span> <span class='ocrx_word' id='word_1_81' title='bbox 294 1180 379 1396; x_wconf 57' lang='lat' dir='ltr'><strong>tltg‘l</strong></span> <span class='ocrx_word' id='word_1_82' title='bbox 405 1250 518 1314; x_wconf 72' lang='lat' dir='ltr'><strong>uuum</strong></span> <span class='ocrx_word' id='word_1_83' title='bbox 546 1268 621 1314; x_wconf 88' lang='lat' dir='ltr'><strong>cum</strong></span> <span class='ocrx_word' id='word_1_84' title='bbox 670 1251 677 1277; x_wconf 75' lang='lat'><strong>¹</strong></span> <span class='ocrx_word' id='word_1_85' title='bbox 708 1255 741 1316; x_wconf 88' lang='lat' dir='ltr'><strong>et</strong></span> <span class='ocrx_word' id='word_1_86' title='bbox 768 1252 930 1337; x_wconf 80' lang='lat' dir='ltr'><strong>excerptis</strong></span> <span class='ocrx_word' id='word_1_87' title='bbox 957 1252 1114 1320; x_wconf 89' lang='lat' dir='ltr'><strong>Parisinis</strong></span> <span class='ocrx_word' id='word_1_88' title='bbox 1140 1253 1283 1321; x_wconf 89' lang='lat' dir='ltr'><strong>scriben-</strong></span> 
     </span>
    </p>

    <p class='ocr_par' dir='ltr' id='par_1_5' title="bbox 114 1351 1283 1830">
     <span class='ocr_line' id='line_1_12' title="bbox 185 1351 294 1398; baseline -0.009 -2"><span class='ocrx_word' id='word_1_89' title='bbox 185 1351 242 1396; x_wconf 94' lang='lat' dir='ltr'><strong>um</strong></span> <span class='ocrx_word' id='word_1_90' title='bbox 265 1352 294 1398; x_wconf 82' lang='lat' dir='ltr'><strong>sr</strong></span> 
     </span>
     <span class='ocr_line' id='line_1_13' title="bbox 114 1416 1218 1511; baseline 0.009 -30"><span class='ocrx_word' id='word_1_91' title='bbox 114 1416 119 1421; x_wconf 75' lang='grc'><strong><em>’</em></strong></span> <span class='ocrx_word' id='word_1_92' title='bbox 320 1417 406 1495; x_wconf 80' lang='lat' dir='ltr'><strong>Quid</strong></span> <span class='ocrx_word' id='word_1_93' title='bbox 427 1418 489 1485; x_wconf 88' lang='lat' dir='ltr'><strong>tibi</strong></span> <span class='ocrx_word' id='word_1_94' title='bbox 509 1440 594 1486; x_wconf 88' lang='lat' dir='ltr'><strong>nune</strong></span> <span class='ocrx_word' id='word_1_95' title='bbox 616 1419 747 1504; x_wconf 87' lang='lat' dir='ltr'><strong>prodest</strong></span> <span class='ocrx_word' id='word_1_96' title='bbox 768 1421 882 1489; x_wconf 88' lang='lat' dir='ltr'><strong>molles</strong></span> <span class='ocrx_word' id='word_1_97' title='bbox 901 1423 1040 1491; x_wconf 87' lang='lat' dir='ltr'><strong>coluisse</strong></span> <span class='ocrx_word' id='word_1_98' title='bbox 1062 1425 1218 1511; x_wconf 88' lang='lat' dir='ltr'><strong>capillos?</strong></span> 
     </span>
     <span class='ocr_line' id='line_1_14' title="bbox 163 1506 1283 1598; baseline 0.012 -31"><span class='ocrx_word' id='word_1_99' title='bbox 163 1523 205 1568; x_wconf 92' lang='lat' dir='ltr'><strong>an</strong></span> <span class='ocrx_word' id='word_1_100' title='bbox 234 1523 309 1569; x_wconf 88' lang='lat' dir='ltr'><strong>cum</strong></span> <span class='ocrx_word' id='word_1_101' title='bbox 338 1506 453 1572; x_wconf 87' lang='lat' dir='ltr'><strong>ceteris</strong></span> <span class='ocrx_word' id='word_1_102' title='bbox 478 1506 570 1572; x_wconf 89' lang='lat' dir='ltr'><strong>libris</strong></span> <span class='ocrx_word' id='word_1_103' title='bbox 597 1507 726 1574; x_wconf 89' lang='lat' dir='ltr'><strong>inverso</strong></span> <span class='ocrx_word' id='word_1_104' title='bbox 755 1509 867 1576; x_wconf 90' lang='lat' dir='ltr'><strong>ordine</strong></span> <span class='ocrx_word' id='word_1_105' title='bbox 891 1510 1027 1592; x_wconf 85' lang='lat' dir='ltr'><strong>„molles</strong></span> <span class='ocrx_word' id='word_1_106' title='bbox 1050 1509 1203 1595; x_wconf 87' lang='lat' dir='ltr'><strong>prodest“</strong></span> <span class='ocrx_word' id='word_1_107' title='bbox 1226 1534 1283 1598; x_wconf 91' lang='lat' dir='ltr'><strong>ap-</strong></span> 
     </span>
     <span class='ocr_line' id='line_1_15' title="bbox 162 1590 1282 1678; baseline 0.01 -24"><span class='ocrx_word' id='word_1_108' title='bbox 162 1593 255 1674; x_wconf 87' lang='lat' dir='ltr'><strong>paret</strong></span> <span class='ocrx_word' id='word_1_109' title='bbox 277 1590 451 1658; x_wconf 88' lang='lat' dir='ltr'><strong>diiudicari</strong></span> <span class='ocrx_word' id='word_1_110' title='bbox 472 1612 536 1658; x_wconf 91' lang='lat' dir='ltr'><strong>non</strong></span> <span class='ocrx_word' id='word_1_111' title='bbox 558 1613 664 1678; x_wconf 88' lang='lat' dir='ltr'><strong>posse.</strong></span> <span class='ocrx_word' id='word_1_112' title='bbox 699 1594 857 1662; x_wconf 83' lang='lat' dir='ltr'><strong>Similiter</strong></span> <span class='ocrx_word' id='word_1_113' title='bbox 880 1597 920 1663; x_wconf 93' lang='lat' dir='ltr'><strong>de</strong></span> <span class='ocrx_word' id='word_1_114' title='bbox 943 1599 1119 1664; x_wconf 88' lang='lat' dir='ltr'><strong>eorundem</strong></span> <span class='ocrx_word' id='word_1_115' title='bbox 1145 1600 1282 1665; x_wconf 90' lang='lat' dir='ltr'><strong>testium</strong></span> 
     </span>
     <span class='ocr_line' id='line_1_16' title="bbox 161 1678 1281 1829; baseline 0.01 -87"><span class='ocrx_word' id='word_1_116' title='bbox 161 1678 371 1829; x_wconf 55' lang='lat' dir='ltr'><strong>indsequdenti</strong></span> <span class='ocrx_word' id='word_1_117' title='bbox 397 1698 493 1829; x_wconf 44' lang='lat' dir='ltr'><strong>repen</strong></span> <span class='ocrx_word' id='word_1_118' title='bbox 522 1679 741 1767; x_wconf 89' lang='lat' dir='ltr'><strong>discrepantia</strong></span> <span class='ocrx_word' id='word_1_119' title='bbox 766 1703 886 1768; x_wconf 84' lang='lat' dir='ltr'><strong>„saepe</strong></span> <span class='ocrx_word' id='word_1_120' title='bbox 913 1683 968 1749; x_wconf 88' lang='lat' dir='ltr'><strong>et“</strong></span> <span class='ocrx_word' id='word_1_121' title='bbox 994 1704 1054 1770; x_wconf 89' lang='lat' dir='ltr'><strong>pro</strong></span> <span class='ocrx_word' id='word_1_122' title='bbox 1077 1685 1281 1772; x_wconf 55' lang='grc' dir='ltr'><strong>,33333333Ὶιι</strong></span> 
     </span>
     <span class='ocr_line' id='line_1_17' title="bbox 161 1783 432 1830; baseline 0.015 -4"><span class='ocrx_word' id='word_1_123' title='bbox 161 1783 197 1827; x_wconf 85' lang='lat' dir='ltr'><strong>ru</strong></span> <span class='ocrx_word' id='word_1_124' title='bbox 220 1783 293 1828; x_wconf 84' lang='lat' dir='ltr'><strong>rean</strong></span> <span class='ocrx_word' id='word_1_125' title='bbox 315 1784 372 1829; x_wconf 92' lang='lat' dir='ltr'><strong>um</strong></span> <span class='ocrx_word' id='word_1_126' title='bbox 397 1783 432 1830; x_wconf 91' lang='lat' dir='ltr'><strong>es</strong></span> 
     </span>
    </p>

    <p class='ocr_par' dir='ltr' id='par_1_6' title="bbox 161 1849 1282 2366">
     <span class='ocr_line' id='line_1_18' title="bbox 248 1849 1282 1943; baseline 0.009 -28"><span class='ocrx_word' id='word_1_127' title='bbox 248 1849 272 1933; x_wconf 82' lang='grc' dir='ltr'><strong>Ι,</strong></span> <span class='ocrx_word' id='word_1_128' title='bbox 289 1852 319 1932; x_wconf 86' lang='grc'><strong>8,</strong></span> <span class='ocrx_word' id='word_1_129' title='bbox 338 1853 376 1914; x_wconf 88' lang='grc'><strong>11</strong></span> <span class='ocrx_word' id='word_1_130' title='bbox 401 1851 542 1918; x_wconf 82' lang='lat' dir='ltr'><strong>editores</strong></span> <span class='ocrx_word' id='word_1_131' title='bbox 556 1851 705 1937; x_wconf 85' lang='lat' dir='ltr'><strong>plerique</strong></span> <span class='ocrx_word' id='word_1_132' title='bbox 721 1852 869 1920; x_wconf 88' lang='lat' dir='ltr'><strong>scribunt</strong></span> <span class='ocrx_word' id='word_1_133' title='bbox 882 1854 982 1940; x_wconf 89' lang='lat' dir='ltr'><strong>„quid</strong></span> <span class='ocrx_word' id='word_1_134' title='bbox 998 1875 1076 1923; x_wconf 90' lang='lat' dir='ltr'><strong>suco</strong></span> <span class='ocrx_word' id='word_1_135' title='bbox 1090 1857 1282 1943; x_wconf 88' lang='lat' dir='ltr'><strong>splendente</strong></span> 
     </span>
     <span class='ocr_line' id='line_1_19' title="bbox 161 1936 1282 2024; baseline 0.007 -23"><span class='ocrx_word' id='word_1_136' title='bbox 161 1954 262 2017; x_wconf 81' lang='lat' dir='ltr'><strong>genas</strong></span> <span class='ocrx_word' id='word_1_137' title='bbox 285 1936 432 2020; x_wconf 85' lang='lat' dir='ltr'><strong>omare“‚</strong></span> <span class='ocrx_word' id='word_1_138' title='bbox 458 1958 656 2024; x_wconf 87' lang='lat' dir='ltr'><strong>quamquam</strong></span> <span class='ocrx_word' id='word_1_139' title='bbox 680 1938 799 2022; x_wconf 84' lang='lat' dir='ltr'><strong>„suco“</strong></span> <span class='ocrx_word' id='word_1_140' title='bbox 822 1961 887 2007; x_wconf 93' lang='lat' dir='ltr'><strong>non</strong></span> <span class='ocrx_word' id='word_1_141' title='bbox 915 1946 1023 2008; x_wconf 85' lang='lat' dir='ltr'><strong>exstat</strong></span> <span class='ocrx_word' id='word_1_142' title='bbox 1043 1942 1106 2008; x_wconf 90' lang='lat' dir='ltr'><strong>nisi</strong></span> <span class='ocrx_word' id='word_1_143' title='bbox 1128 1944 1162 2008; x_wconf 94' lang='lat' dir='ltr'><strong>in</strong></span> <span class='ocrx_word' id='word_1_144' title='bbox 1181 1945 1282 2010; x_wconf 90' lang='lat' dir='ltr'><strong>altero</strong></span> 
     </span>
     <span class='ocr_line' id='line_1_20' title="bbox 162 2023 1282 2111; baseline 0.006 -24"><span class='ocrx_word' id='word_1_145' title='bbox 162 2028 390 2108; x_wconf 84' lang='lat' dir='ltr'><strong>excerptorum</strong></span> <span class='ocrx_word' id='word_1_146' title='bbox 414 2023 634 2091; x_wconf 89' lang='lat' dir='ltr'><strong>Parisinorum</strong></span> <span class='ocrx_word' id='word_1_147' title='bbox 658 2026 769 2093; x_wconf 90' lang='lat' dir='ltr'><strong>codice</strong></span> <span class='ocrx_word' id='word_1_148' title='bbox 796 2031 830 2093; x_wconf 92' lang='lat' dir='ltr'><strong>et</strong></span> <span class='ocrx_word' id='word_1_149' title='bbox 855 2027 938 2094; x_wconf 89' lang='lat' dir='ltr'><strong>libro</strong></span> <span class='ocrx_word' id='word_1_150' title='bbox 961 2026 1000 2109; x_wconf 77' lang='lat' dir='ltr'><strong>G,</strong></span> <span class='ocrx_word' id='word_1_151' title='bbox 1034 2048 1132 2111; x_wconf 88' lang='lat' dir='ltr'><strong>quem</strong></span> <span class='ocrx_word' id='word_1_152' title='bbox 1158 2049 1199 2093; x_wconf 90' lang='lat' dir='ltr'><strong>ex</strong></span> <span class='ocrx_word' id='word_1_153' title='bbox 1224 2031 1282 2094; x_wconf 92' lang='lat' dir='ltr'><strong>illo</strong></span> 
     </span>
     <span class='ocr_line' id='line_1_21' title="bbox 162 2110 1280 2196; baseline 0.006 -23"><span class='ocrx_word' id='word_1_154' title='bbox 162 2113 218 2174; x_wconf 88' lang='lat' dir='ltr'><strong>aut</strong></span> <span class='ocrx_word' id='word_1_155' title='bbox 244 2129 286 2174; x_wconf 89' lang='lat' dir='ltr'><strong>ex</strong></span> <span class='ocrx_word' id='word_1_156' title='bbox 313 2110 376 2175; x_wconf 91' lang='lat' dir='ltr'><strong>alio</strong></span> <span class='ocrx_word' id='word_1_157' title='bbox 404 2115 632 2196; x_wconf 85' lang='lat' dir='ltr'><strong>excerptorum</strong></span> <span class='ocrx_word' id='word_1_158' title='bbox 660 2113 769 2179; x_wconf 87' lang='lat' dir='ltr'><strong>codice</strong></span> <span class='ocrx_word' id='word_1_159' title='bbox 798 2134 873 2178; x_wconf 90' lang='lat' dir='ltr'><strong>cum</strong></span> <span class='ocrx_word' id='word_1_160' title='bbox 900 2112 961 2178; x_wconf 92' lang='lat' dir='ltr'><strong>hoc</strong></span> <span class='ocrx_word' id='word_1_161' title='bbox 989 2132 1030 2177; x_wconf 89' lang='lat' dir='ltr'><strong>ex</strong></span> <span class='ocrx_word' id='word_1_162' title='bbox 1057 2112 1168 2177; x_wconf 91' lang='lat' dir='ltr'><strong>eodem</strong></span> <span class='ocrx_word' id='word_1_163' title='bbox 1191 2114 1280 2180; x_wconf 90' lang='lat' dir='ltr'><strong>fonte</strong></span> 
     </span>
     <span class='ocr_line' id='line_1_22' title="bbox 161 2195 1280 2284; baseline 0.004 -24"><span class='ocrx_word' id='word_1_164' title='bbox 161 2195 258 2260; x_wconf 93' lang='lat' dir='ltr'><strong>ducto</strong></span> <span class='ocrx_word' id='word_1_165' title='bbox 288 2195 323 2261; x_wconf 95' lang='lat' dir='ltr'><strong>id</strong></span> <span class='ocrx_word' id='word_1_166' title='bbox 350 2197 527 2280; x_wconf 88' lang='lat' dir='ltr'><strong>sumpsisse</strong></span> <span class='ocrx_word' id='word_1_167' title='bbox 556 2198 660 2264; x_wconf 88' lang='lat' dir='ltr'><strong>credo.</strong></span> <span class='ocrx_word' id='word_1_168' title='bbox 705 2199 813 2265; x_wconf 78' lang='lat' dir='ltr'><strong>Ceteri</strong></span> <span class='ocrx_word' id='word_1_169' title='bbox 839 2198 968 2264; x_wconf 90' lang='lat' dir='ltr'><strong>codices</strong></span> <span class='ocrx_word' id='word_1_170' title='bbox 994 2197 1130 2262; x_wconf 72' lang='lat' dir='ltr'><strong>uadunt</strong></span> <span class='ocrx_word' id='word_1_171' title='bbox 1151 2198 1280 2284; x_wconf 85' lang='lat' dir='ltr'><strong>‚,luco“‚</strong></span> 
     </span>
     <span class='ocr_line' id='line_1_23' title="bbox 162 2282 1158 2366; baseline 0.002 -19"><span class='ocrx_word' id='word_1_172' title='bbox 162 2282 248 2366; x_wconf 92' lang='lat' dir='ltr'><strong>quod</strong></span> <span class='ocrx_word' id='word_1_173' title='bbox 270 2303 335 2347; x_wconf 92' lang='lat' dir='ltr'><strong>non</strong></span> <span class='ocrx_word' id='word_1_174' title='bbox 356 2287 444 2349; x_wconf 90' lang='lat' dir='ltr'><strong>recte</strong></span> <span class='ocrx_word' id='word_1_175' title='bbox 467 2284 507 2351; x_wconf 91' lang='lat' dir='ltr'><strong>ab</strong></span> <span class='ocrx_word' id='word_1_176' title='bbox 530 2285 710 2351; x_wconf 86' lang='lat' dir='ltr'><strong>editoribus</strong></span> <span class='ocrx_word' id='word_1_177' title='bbox 732 2284 893 2350; x_wconf 83' lang='lat' dir='ltr'><strong>contemni</strong></span> <span class='ocrx_word' id='word_1_178' title='bbox 915 2283 996 2349; x_wconf 90' lang='lat' dir='ltr'><strong>mihi</strong></span> <span class='ocrx_word' id='word_1_179' title='bbox 1017 2283 1158 2350; x_wconf 87' lang='lat' dir='ltr'><strong>videtur.</strong></span> 
     </span>
    </p>

    <p class='ocr_par' dir='ltr' id='par_1_7' title="bbox 250 2367 653 2452">
     <span class='ocr_line' id='line_1_24' title="bbox 250 2367 653 2452; baseline 0.002 -19"><span class='ocrx_word' id='word_1_180' title='bbox 250 2367 371 2435; x_wconf 88' lang='lat' dir='ltr'><strong>Versus</strong></span> <span class='ocrx_word' id='word_1_181' title='bbox 392 2369 416 2451; x_wconf 89' lang='lat' dir='ltr'><strong>I,</strong></span> <span class='ocrx_word' id='word_1_182' title='bbox 440 2371 470 2452; x_wconf 87' lang='grc'><strong>9,</strong></span> <span class='ocrx_word' id='word_1_183' title='bbox 494 2370 535 2434; x_wconf 91' lang='grc'><strong>33</strong></span> <span class='ocrx_word' id='word_1_184' title='bbox 557 2372 653 2437; x_wconf 85' lang='grc'><strong>3134</strong></span> 
     </span>
    </p>

    <p class='ocr_par' dir='ltr' id='par_1_8' title="bbox 159 2453 1281 3661">
     <span class='ocr_line' id='line_1_25' title="bbox 311 2453 1157 2543; baseline 0.001 -20"><span class='ocrx_word' id='word_1_185' title='bbox 311 2455 344 2523; x_wconf 86' lang='grc' dir='ltr'>Ν</span> <span class='ocrx_word' id='word_1_186' title='bbox 345 2476 385 2521; x_wconf 90' lang='grc'><strong>33</strong></span> <span class='ocrx_word' id='word_1_187' title='bbox 406 2457 469 2523; x_wconf 87' lang='lat' dir='ltr'><strong>tibi</strong></span> <span class='ocrx_word' id='word_1_188' title='bbox 491 2458 520 2522; x_wconf 93' lang='lat' dir='ltr'><strong>si</strong></span> <span class='ocrx_word' id='word_1_189' title='bbox 542 2457 684 2543; x_wconf 90' lang='lat' dir='ltr'><strong>pretium</strong></span> <span class='ocrx_word' id='word_1_190' title='bbox 707 2453 884 2541; x_wconf 77' lang='lat' dir='ltr'><strong>Campania</strong></span> <span class='ocrx_word' id='word_1_191' title='bbox 905 2458 994 2522; x_wconf 89' lang='lat' dir='ltr'><strong>terra</strong></span> <span class='ocrx_word' id='word_1_192' title='bbox 1015 2454 1157 2541; x_wconf 88' lang='lat' dir='ltr'><strong>daretur,</strong></span> 
     </span>
     <span class='ocr_line' id='line_1_26' title="bbox 364 2541 1097 2625; baseline 0.001 -16"><span class='ocrx_word' id='word_1_193' title='bbox 364 2562 428 2609; x_wconf 91' lang='lat' dir='ltr'><strong>non</strong></span> <span class='ocrx_word' id='word_1_194' title='bbox 450 2542 513 2609; x_wconf 93' lang='lat' dir='ltr'><strong>tibi</strong></span> <span class='ocrx_word' id='word_1_195' title='bbox 535 2546 564 2610; x_wconf 93' lang='lat' dir='ltr'><strong>si</strong></span> <span class='ocrx_word' id='word_1_196' title='bbox 585 2543 705 2609; x_wconf 89' lang='lat' dir='ltr'><strong>Bacchi</strong></span> <span class='ocrx_word' id='word_1_197' title='bbox 727 2562 815 2624; x_wconf 88' lang='lat' dir='ltr'><strong>eura,</strong></span> <span class='ocrx_word' id='word_1_198' title='bbox 837 2541 996 2608; x_wconf 85' lang='lat' dir='ltr'><strong>Falernus</strong></span> <span class='ocrx_word' id='word_1_199' title='bbox 1019 2562 1097 2625; x_wconf 85' lang='lat' dir='ltr'><strong>ager</strong></span> 
     </span>
     <span class='ocr_line' id='line_1_27' title="bbox 162 2627 1280 2714; baseline 0 -18"><span class='ocrx_word' id='word_1_200' title='bbox 162 2628 209 2696; x_wconf 92' lang='lat' dir='ltr'><strong>sie</strong></span> <span class='ocrx_word' id='word_1_201' title='bbox 236 2627 359 2712; x_wconf 87' lang='lat' dir='ltr'><strong>accipio</strong></span> <span class='ocrx_word' id='word_1_202' title='bbox 386 2635 424 2695; x_wconf 94' lang='lat' dir='ltr'><strong>ut</strong></span> <span class='ocrx_word' id='word_1_203' title='bbox 446 2628 643 2714; x_wconf 79' lang='lat' dir='ltr'><strong>„Campania</strong></span> <span class='ocrx_word' id='word_1_204' title='bbox 669 2628 777 2695; x_wconf 88' lang='lat' dir='ltr'><strong>terra“</strong></span> <span class='ocrx_word' id='word_1_205' title='bbox 806 2630 965 2710; x_wconf 86' lang='lat' dir='ltr'><strong>significet</strong></span> <span class='ocrx_word' id='word_1_206' title='bbox 991 2630 1162 2713; x_wconf 85' lang='lat' dir='ltr'><strong>praedium</strong></span> <span class='ocrx_word' id='word_1_207' title='bbox 1185 2628 1280 2696; x_wconf 80' lang='lat' dir='ltr'><strong>Cam·</strong></span> 
     </span>
     <span class='ocr_line' id='line_1_28' title="bbox 160 2713 1281 2801; baseline 0.002 -20"><span class='ocrx_word' id='word_1_208' title='bbox 160 2736 291 2800; x_wconf 89' lang='lat' dir='ltr'><strong>panum.</strong></span> <span class='ocrx_word' id='word_1_209' title='bbox 335 2715 423 2782; x_wconf 88' lang='lat' dir='ltr'><strong>Nam</strong></span> <span class='ocrx_word' id='word_1_210' title='bbox 450 2717 479 2782; x_wconf 89' lang='lat' dir='ltr'><strong>si</strong></span> <span class='ocrx_word' id='word_1_211' title='bbox 506 2717 601 2782; x_wconf 89' lang='lat' dir='ltr'><strong>aliter</strong></span> <span class='ocrx_word' id='word_1_212' title='bbox 627 2716 821 2795; x_wconf 85' lang='lat' dir='ltr'><strong>iudicamus,</strong></span> <span class='ocrx_word' id='word_1_213' title='bbox 855 2713 949 2780; x_wconf 88' lang='lat' dir='ltr'><strong>deest</strong></span> <span class='ocrx_word' id='word_1_214' title='bbox 973 2715 1120 2796; x_wconf 70' lang='lat' dir='ltr'><strong>gradmio</strong></span> <span class='ocrx_word' id='word_1_215' title='bbox 1151 2735 1217 2801; x_wconf 91' lang='lat' dir='ltr'><strong>qua</strong></span> <span class='ocrx_word' id='word_1_216' title='bbox 1239 2716 1281 2783; x_wconf 93' lang='lat' dir='ltr'><strong>ad</strong></span> 
     </span>
     <span class='ocr_line' id='line_1_29' title="bbox 159 2801 1280 2886; baseline 0 -19"><span class='ocrx_word' id='word_1_217' title='bbox 159 2806 284 2868; x_wconf 90' lang='lat' dir='ltr'><strong>rectum</strong></span> <span class='ocrx_word' id='word_1_218' title='bbox 306 2803 541 2869; x_wconf 88' lang='lat' dir='ltr'><strong>sententiarum</strong></span> <span class='ocrx_word' id='word_1_219' title='bbox 562 2821 771 2886; x_wconf 82' lang='lat' dir='ltr'><strong>progressum</strong></span> <span class='ocrx_word' id='word_1_220' title='bbox 800 2819 907 2865; x_wconf 87' lang='lat' dir='ltr'><strong>curere</strong></span> <span class='ocrx_word' id='word_1_221' title='bbox 929 2820 994 2865; x_wconf 93' lang='lat' dir='ltr'><strong>non</strong></span> <span class='ocrx_word' id='word_1_222' title='bbox 1015 2821 1199 2886; x_wconf 90' lang='lat' dir='ltr'><strong>possumus.</strong></span> <span class='ocrx_word' id='word_1_223' title='bbox 1244 2801 1280 2869; x_wconf 81' lang='lat' dir='ltr'><strong>Si</strong></span> 
     </span>
     <span class='ocr_line' id='line_1_30' title="bbox 162 2884 1280 2974; baseline 0.001 -20"><span class='ocrx_word' id='word_1_224' title='bbox 162 2891 249 2955; x_wconf 92' lang='lat' dir='ltr'><strong>enim</strong></span> <span class='ocrx_word' id='word_1_225' title='bbox 271 2887 449 2974; x_wconf 80' lang='lat' dir='ltr'><strong>Campania</strong></span> <span class='ocrx_word' id='word_1_226' title='bbox 469 2893 557 2953; x_wconf 88' lang='lat' dir='ltr'><strong>terra</strong></span> <span class='ocrx_word' id='word_1_227' title='bbox 583 2888 780 2969; x_wconf 80' lang='lat' dir='ltr'><strong>significaret</strong></span> <span class='ocrx_word' id='word_1_228' title='bbox 807 2888 911 2951; x_wconf 89' lang='lat' dir='ltr'><strong>totam</strong></span> <span class='ocrx_word' id='word_1_229' title='bbox 933 2884 1152 2972; x_wconf 80' lang='lat' dir='ltr'><strong>Campaniam,</strong></span> <span class='ocrx_word' id='word_1_230' title='bbox 1185 2889 1280 2955; x_wconf 90' lang='lat' dir='ltr'><strong>cuius</strong></span> 
     </span>
     <span class='ocr_line' id='line_1_31' title="bbox 160 2972 1280 3060; baseline -0.001 -19"><span class='ocrx_word' id='word_1_231' title='bbox 160 2995 236 3060; x_wconf 87' lang='lat' dir='ltr'><strong>pars</strong></span> <span class='ocrx_word' id='word_1_232' title='bbox 259 2979 309 3041; x_wconf 92' lang='lat' dir='ltr'><strong>est</strong></span> <span class='ocrx_word' id='word_1_233' title='bbox 330 2995 408 3057; x_wconf 87' lang='lat' dir='ltr'><strong>ager</strong></span> <span class='ocrx_word' id='word_1_234' title='bbox 433 2973 599 3055; x_wconf 86' lang='lat' dir='ltr'><strong>Falernus,</strong></span> <span class='ocrx_word' id='word_1_235' title='bbox 628 2972 765 3038; x_wconf 88' lang='lat' dir='ltr'><strong>ridicule</strong></span> <span class='ocrx_word' id='word_1_236' title='bbox 791 2976 889 3059; x_wconf 91' lang='lat' dir='ltr'><strong>poeta</strong></span> <span class='ocrx_word' id='word_1_237' title='bbox 910 2993 930 3038; x_wconf 90' lang='lat' dir='ltr'><strong>a</strong></span> <span class='ocrx_word' id='word_1_238' title='bbox 950 2974 1129 3042; x_wconf 90' lang='lat' dir='ltr'><strong>maioribus</strong></span> <span class='ocrx_word' id='word_1_239' title='bbox 1152 2975 1194 3041; x_wconf 90' lang='lat' dir='ltr'><strong>ad</strong></span> <span class='ocrx_word' id='word_1_240' title='bbox 1218 2975 1280 3040; x_wconf 92' lang='lat' dir='ltr'><strong>mi-</strong></span> 
     </span>
     <span class='ocr_line' id='line_1_32' title="bbox 160 3057 1280 3145; baseline 0 -18"><span class='ocrx_word' id='word_1_241' title='bbox 160 3082 240 3127; x_wconf 87' lang='lat' dir='ltr'><strong>nora</strong></span> <span class='ocrx_word' id='word_1_242' title='bbox 261 3061 480 3127; x_wconf 85' lang='lat' dir='ltr'><strong>descenderet.</strong></span> <span class='ocrx_word' id='word_1_243' title='bbox 514 3057 572 3125; x_wconf 84' lang='lat' dir='ltr'><strong>Sin</strong></span> <span class='ocrx_word' id='word_1_244' title='bbox 594 3062 703 3125; x_wconf 86' lang='lat' dir='ltr'><strong>autem</strong></span> <span class='ocrx_word' id='word_1_245' title='bbox 722 3060 828 3125; x_wconf 87' lang='lat' dir='ltr'><strong>facere</strong></span> <span class='ocrx_word' id='word_1_246' title='bbox 851 3079 916 3125; x_wconf 94' lang='lat' dir='ltr'><strong>non</strong></span> <span class='ocrx_word' id='word_1_247' title='bbox 938 3080 1109 3145; x_wconf 89' lang='lat' dir='ltr'><strong>possemus</strong></span> <span class='ocrx_word' id='word_1_248' title='bbox 1130 3063 1211 3145; x_wconf 89' lang='lat' dir='ltr'><strong>quin</strong></span> <span class='ocrx_word' id='word_1_249' title='bbox 1233 3060 1280 3127; x_wconf 89' lang='lat' dir='ltr'><strong>al-</strong></span> 
     </span>
     <span class='ocr_line' id='line_1_33' title="bbox 159 3145 1279 3231; baseline 0.001 -19"><span class='ocrx_word' id='word_1_250' title='bbox 159 3151 265 3213; x_wconf 87' lang='lat' dir='ltr'><strong>teram</strong></span> <span class='ocrx_word' id='word_1_251' title='bbox 287 3147 538 3231; x_wconf 82' lang='lat' dir='ltr'><strong>explicationem</strong></span> <span class='ocrx_word' id='word_1_252' title='bbox 562 3164 780 3229; x_wconf 84' lang='lat' dir='ltr'><strong>sequeremur,</strong></span> <span class='ocrx_word' id='word_1_253' title='bbox 802 3145 882 3212; x_wconf 89' lang='lat' dir='ltr'><strong>haec</strong></span> <span class='ocrx_word' id='word_1_254' title='bbox 903 3165 1031 3231; x_wconf 89' lang='lat' dir='ltr'><strong>quoque</strong></span> <span class='ocrx_word' id='word_1_255' title='bbox 1046 3149 1183 3213; x_wconf 87' lang='lat' dir='ltr'><strong>fortasse</strong></span> <span class='ocrx_word' id='word_1_256' title='bbox 1198 3148 1279 3213; x_wconf 91' lang='lat' dir='ltr'><strong>tole-</strong></span> 
     </span>
     <span class='ocr_line' id='line_1_34' title="bbox 159 3231 1279 3318; baseline 0 -20"><span class='ocrx_word' id='word_1_257' title='bbox 159 3234 227 3307; x_wconf 86' lang='lat' dir='ltr'><strong>rari</strong></span> <span class='ocrx_word' id='word_1_258' title='bbox 247 3235 296 3298; x_wconf 89' lang='lat' dir='ltr'><strong>ita</strong></span> <span class='ocrx_word' id='word_1_259' title='bbox 316 3237 428 3318; x_wconf 92' lang='lat' dir='ltr'><strong>posset</strong></span> <span class='ocrx_word' id='word_1_260' title='bbox 441 3237 480 3297; x_wconf 97' lang='grc'><strong>31</strong></span> <span class='ocrx_word' id='word_1_261' title='bbox 494 3236 624 3316; x_wconf 88' lang='lat' dir='ltr'><strong>poetam</strong></span> <span class='ocrx_word' id='word_1_262' title='bbox 639 3231 879 3318; x_wconf 90' lang='lat' dir='ltr'><strong>imprudentem</strong></span> <span class='ocrx_word' id='word_1_263' title='bbox 894 3231 1109 3298; x_wconf 82' lang='lat' dir='ltr'><strong>inhonorem</strong></span> <span class='ocrx_word' id='word_1_264' title='bbox 1124 3234 1279 3299; x_wconf 88' lang='lat' dir='ltr'><strong>incidisse</strong></span> 
     </span>
     <span class='ocr_line' id='line_1_35' title="bbox 160 3317 1280 3403; baseline -0.001 -17"><span class='ocrx_word' id='word_1_265' title='bbox 160 3323 388 3399; x_wconf 79' lang='lat' dir='ltr'><strong>statueremus,</strong></span> <span class='ocrx_word' id='word_1_266' title='bbox 410 3318 498 3402; x_wconf 91' lang='lat' dir='ltr'><strong>quod</strong></span> <span class='ocrx_word' id='word_1_267' title='bbox 512 3319 553 3397; x_wconf 63' lang='lat' dir='ltr'><strong>¹ei</strong></span> <span class='ocrx_word' id='word_1_268' title='bbox 572 3319 717 3385; x_wconf 89' lang='lat' dir='ltr'><strong>accidere</strong></span> <span class='ocrx_word' id='word_1_269' title='bbox 732 3321 868 3385; x_wconf 90' lang='lat' dir='ltr'><strong>fortasse</strong></span> <span class='ocrx_word' id='word_1_270' title='bbox 884 3321 1021 3403; x_wconf 87' lang='lat' dir='ltr'><strong>poterat.</strong></span> <span class='ocrx_word' id='word_1_271' title='bbox 1054 3317 1086 3384; x_wconf 90' lang='lat' dir='ltr'>N</span> <span class='ocrx_word' id='word_1_272' title='bbox 1087 3318 1154 3384; x_wconf 93' lang='lat' dir='ltr'><strong>ullo</strong></span> <span class='ocrx_word' id='word_1_273' title='bbox 1170 3325 1280 3385; x_wconf 89' lang='lat' dir='ltr'><strong>autem</strong></span> 
     </span>
     <span class='ocr_line' id='line_1_36' title="bbox 159 3402 1278 3490; baseline -0.001 -18"><span class='ocrx_word' id='word_1_274' title='bbox 159 3406 254 3473; x_wconf 93' lang='lat' dir='ltr'><strong>modo</strong></span> <span class='ocrx_word' id='word_1_275' title='bbox 266 3406 345 3471; x_wconf 88' lang='lat' dir='ltr'><strong>ferri</strong></span> <span class='ocrx_word' id='word_1_276' title='bbox 355 3409 463 3490; x_wconf 89' lang='lat' dir='ltr'><strong>potest</strong></span> <span class='ocrx_word' id='word_1_277' title='bbox 473 3405 561 3488; x_wconf 89' lang='lat' dir='ltr'><strong>quod</strong></span> <span class='ocrx_word' id='word_1_278' title='bbox 573 3403 602 3472; x_wconf 80' lang='lat' dir='ltr'><strong>G</strong></span> <span class='ocrx_word' id='word_1_279' title='bbox 613 3425 752 3490; x_wconf 90' lang='lat' dir='ltr'><strong>eumque</strong></span> <span class='ocrx_word' id='word_1_280' title='bbox 768 3408 900 3470; x_wconf 89' lang='lat' dir='ltr'><strong>secutus</strong></span> <span class='ocrx_word' id='word_1_281' title='bbox 906 3402 1123 3471; x_wconf 86' lang='lat' dir='ltr'><strong>Baehrensius</strong></span> <span class='ocrx_word' id='word_1_282' title='bbox 1135 3406 1278 3473; x_wconf 88' lang='lat' dir='ltr'><strong>exhibet:</strong></span> 
     </span>
     <span class='ocr_line' id='line_1_37' title="bbox 311 3490 1150 3576; baseline -0.001 -18"><span class='ocrx_word' id='word_1_283' title='bbox 311 3490 385 3558; x_wconf 89' lang='lat' dir='ltr'><strong>Nou</strong></span> <span class='ocrx_word' id='word_1_284' title='bbox 407 3491 470 3557; x_wconf 92' lang='lat' dir='ltr'><strong>tibi</strong></span> <span class='ocrx_word' id='word_1_285' title='bbox 492 3493 520 3558; x_wconf 91' lang='lat' dir='ltr'><strong>si</strong></span> <span class='ocrx_word' id='word_1_286' title='bbox 541 3493 683 3576; x_wconf 90' lang='lat' dir='ltr'><strong>pretium</strong></span> <span class='ocrx_word' id='word_1_287' title='bbox 706 3491 883 3575; x_wconf 81' lang='lat' dir='ltr'><strong>Campania</strong></span> <span class='ocrx_word' id='word_1_288' title='bbox 901 3492 983 3555; x_wconf 88' lang='lat' dir='ltr'><strong>tota</strong></span> <span class='ocrx_word' id='word_1_289' title='bbox 1007 3490 1150 3576; x_wconf 82' lang='lat' dir='ltr'><strong>daretur,</strong></span> 
     </span>
     <span class='ocr_line' id='line_1_38' title="bbox 362 3574 1100 3661; baseline 0.001 -18"><span class='ocrx_word' id='word_1_290' title='bbox 362 3598 427 3643; x_wconf 91' lang='lat' dir='ltr'><strong>non</strong></span> <span class='ocrx_word' id='word_1_291' title='bbox 448 3578 510 3645; x_wconf 91' lang='lat' dir='ltr'><strong>tibi</strong></span> <span class='ocrx_word' id='word_1_292' title='bbox 532 3580 561 3644; x_wconf 89' lang='grc'><strong>31</strong></span> <span class='ocrx_word' id='word_1_293' title='bbox 583 3578 702 3645; x_wconf 89' lang='lat' dir='ltr'><strong>Bacchi</strong></span> <span class='ocrx_word' id='word_1_294' title='bbox 724 3597 811 3657; x_wconf 84' lang='lat' dir='ltr'><strong>cura,</strong></span> <span class='ocrx_word' id='word_1_295' title='bbox 834 3574 993 3642; x_wconf 85' lang='lat' dir='ltr'><strong>Falernus</strong></span> <span class='ocrx_word' id='word_1_296' title='bbox 1014 3597 1100 3661; x_wconf 82' lang='lat' dir='ltr'><strong>ager.</strong></span> 
     </span>
    </p>

    <p class='ocr_par' dir='ltr' id='par_1_9' title="bbox 159 3661 1280 4016">
     <span class='ocr_line' id='line_1_39' title="bbox 161 3661 1278 3750; baseline -0.002 -18"><span class='ocrx_word' id='word_1_297' title='bbox 161 3662 216 3733; x_wconf 82' lang='lat' dir='ltr'><strong>Sic</strong></span> <span class='ocrx_word' id='word_1_298' title='bbox 249 3664 337 3731; x_wconf 92' lang='lat' dir='ltr'><strong>enim</strong></span> <span class='ocrx_word' id='word_1_299' title='bbox 370 3665 441 3750; x_wconf 91' lang='lat' dir='ltr'><strong>ipse</strong></span> <span class='ocrx_word' id='word_1_300' title='bbox 473 3669 570 3749; x_wconf 89' lang='lat' dir='ltr'><strong>poeta</strong></span> <span class='ocrx_word' id='word_1_301' title='bbox 618 3664 691 3729; x_wconf 88' lang='lat' dir='ltr'><strong>uasi</strong></span> <span class='ocrx_word' id='word_1_302' title='bbox 716 3662 817 3745; x_wconf 75' lang='lat' dir='ltr'><strong>digito</strong></span> <span class='ocrx_word' id='word_1_303' title='bbox 846 3661 1173 3749; x_wconf 87' lang='lat' dir='ltr'><strong>demonstraretque</strong></span> <span class='ocrx_word' id='word_1_304' title='bbox 1199 3665 1278 3730; x_wconf 89' lang='lat' dir='ltr'><strong>vitio</strong></span> 
     </span>
     <span class='ocr_line' id='line_1_40' title="bbox 159 3685 1280 3833; baseline -0.001 -15"><span class='ocrx_word' id='word_1_305' title='bbox 159 3752 261 3818; x_wconf 88' lang='lat' dir='ltr'><strong>oratio</strong></span> <span class='ocrx_word' id='word_1_306' title='bbox 291 3772 350 3817; x_wconf 91' lang='lat' dir='ltr'><strong>sua</strong></span> <span class='ocrx_word' id='word_1_307' title='bbox 378 3750 550 3817; x_wconf 88' lang='lat' dir='ltr'><strong>laboraret.</strong></span> <span class='ocrx_word' id='word_1_308' title='bbox 594 3685 706 3833; x_wconf 74' lang='lat' dir='ltr'><strong>ltaque</strong></span> <span class='ocrx_word' id='word_1_309' title='bbox 732 3748 815 3814; x_wconf 90' lang='lat' dir='ltr'><strong>mihi</strong></span> <span class='ocrx_word' id='word_1_310' title='bbox 841 3748 972 3832; x_wconf 91' lang='lat' dir='ltr'><strong>quidem</strong></span> <span class='ocrx_word' id='word_1_311' title='bbox 998 3755 1125 3816; x_wconf 90' lang='lat' dir='ltr'><strong>certum</strong></span> <span class='ocrx_word' id='word_1_312' title='bbox 1150 3751 1280 3818; x_wconf 81' lang='lat' dir='ltr'><strong>videtur</strong></span> 
     </span>
     <span class='ocr_line' id='line_1_41' title="bbox 160 3835 1279 3923; baseline -0.003 -17"><span class='ocrx_word' id='word_1_313' title='bbox 160 3860 231 3906; x_wconf 91' lang='lat' dir='ltr'><strong>esse</strong></span> <span class='ocrx_word' id='word_1_314' title='bbox 264 3838 325 3903; x_wconf 91' lang='lat' dir='ltr'><strong>hoc</strong></span> <span class='ocrx_word' id='word_1_315' title='bbox 360 3837 481 3920; x_wconf 83' lang='lat' dir='ltr'><strong>„tota“‚</strong></span> <span class='ocrx_word' id='word_1_316' title='bbox 514 3837 579 3903; x_wconf 93' lang='lat' dir='ltr'><strong>nisi</strong></span> <span class='ocrx_word' id='word_1_317' title='bbox 612 3856 699 3902; x_wconf 87' lang='lat' dir='ltr'><strong>mero</strong></span> <span class='ocrx_word' id='word_1_318' title='bbox 732 3835 913 3920; x_wconf 87' lang='lat' dir='ltr'><strong>scripturae</strong></span> <span class='ocrx_word' id='word_1_319' title='bbox 949 3837 1066 3903; x_wconf 91' lang='lat' dir='ltr'><strong>mendo</strong></span> <span class='ocrx_word' id='word_1_320' title='bbox 1089 3840 1196 3904; x_wconf 89' lang='lat' dir='ltr'><strong>ortum</strong></span> <span class='ocrx_word' id='word_1_321' title='bbox 1219 3841 1279 3923; x_wconf 85' lang='lat' dir='ltr'><strong>est,</strong></span> 
     </span>
     <span class='ocr_line' id='line_1_42' title="bbox 159 3924 1278 4016; baseline 0.002 -24"><span class='ocrx_word' id='word_1_322' title='bbox 159 3926 269 4011; x_wconf 92' lang='lat' dir='ltr'><strong>inepta</strong></span> <span class='ocrx_word' id='word_1_323' title='bbox 294 3925 543 4012; x_wconf 88' lang='lat' dir='ltr'><strong>interpolatione</strong></span> <span class='ocrx_word' id='word_1_324' title='bbox 571 3924 749 4008; x_wconf 88' lang='lat' dir='ltr'><strong>repositum</strong></span> <span class='ocrx_word' id='word_1_325' title='bbox 776 3941 847 3989; x_wconf 90' lang='lat' dir='ltr'><strong>esse</strong></span> <span class='ocrx_word' id='word_1_326' title='bbox 870 3927 909 3990; x_wconf 94' lang='lat' dir='ltr'><strong>ut</strong></span> <span class='ocrx_word' id='word_1_327' title='bbox 929 3942 1011 4009; x_wconf 90' lang='lat' dir='ltr'><strong>quae</strong></span> <span class='ocrx_word' id='word_1_328' title='bbox 1032 3928 1131 4013; x_wconf 88' lang='lat' dir='ltr'><strong>poeta</strong></span> <span class='ocrx_word' id='word_1_329' title='bbox 1152 3927 1278 4016; x_wconf 92' lang='lat' dir='ltr'><strong>simpli·</strong></span> 
     </span>
    </p>
   </div>
   <div class='ocr_carea' id='block_1_5' title="bbox 28 4010 862 4105">
    <p class='ocr_par' dir='ltr' id='par_1_10' title="bbox 28 4010 862 4105">
     <span class='ocr_line' id='line_1_43' title="bbox 28 4010 862 4105; baseline -0.008 -18"><span class='ocrx_word' id='word_1_330' title='bbox 28 4096 30 4101; x_wconf 45' lang='grc'>,</span> <span class='ocrx_word' id='word_1_331' title='bbox 160 4016 242 4086; x_wconf 85' lang='lat' dir='ltr'><strong>citer</strong></span> <span class='ocrx_word' id='word_1_332' title='bbox 263 4015 387 4105; x_wconf 89' lang='lat' dir='ltr'><strong>profert</strong></span> <span class='ocrx_word' id='word_1_333' title='bbox 408 4015 529 4080; x_wconf 89' lang='lat' dir='ltr'><strong>maiore</strong></span> <span class='ocrx_word' id='word_1_334' title='bbox 552 4031 625 4079; x_wconf 90' lang='lat' dir='ltr'><strong>cum</strong></span> <span class='ocrx_word' id='word_1_335' title='bbox 648 4010 681 4079; x_wconf 86' lang='lat' dir='ltr'><strong>vi</strong></span> <span class='ocrx_word' id='word_1_336' title='bbox 704 4010 862 4080; x_wconf 79' lang='lat' dir='ltr'><strong>dicantur.</strong></span> 
     </span>
    </p>
   </div>
   <div class='ocr_carea' id='block_1_6' title="bbox 0 0 1498 4564">
    <p class='ocr_par' dir='ltr' id='par_1_11' title="bbox 0 0 1498 4564">
     <span class='ocr_line' id='line_1_44' title="bbox 0 0 1498 4564; baseline 0 2"><span class='ocrx_word' id='word_1_337' title='bbox 0 0 1498 4564; x_wconf 95' lang='lat' dir='ltr'><strong> </strong></span> 
     </span>
    </p>
   </div>
  </div>
 </body>
</html>
