2988 4564
641 311 857 377 -36-

190 497 225 563 in
248 497 407 582 excerptis
429 501 539 565 autem
564 494 670 566 exstet
699 494 875 583 ,11111111
896 494 1039 581 11111111,
1068 502 1147 588 quin
1170 503 1232 570 hoc
1253 525 1309 572 ve-

190 603 264 650 rum
287 584 331 650 sit
353 583 497 650 dubitari
521 604 584 651 non
605 591 724 672 potest.
770 586 893 654 Tamen
916 607 991 653 cum
1012 586 1187 655 Messalam
1210 591 1310 658 etiam

189 669 296 736 literis
323 690 454 757 operam
481 668 610 738 dedisse
644 677 780 755 constet,
813 673 848 738 in
880 673 1029 739 codicum
1055 676 1218 761 scriptura
1244 678 1310 743 nisi

191 758 247 840 qui
274 757 396 823 intente
426 758 555 840 singula
586 761 854 844 perscrutabatur
886 757 1048 826 offendere
1074 781 1139 828 non
1169 768 1307 865 poterat.

190 841 302 927 ltaque
324 842 386 909 hoc
408 862 536 929 quoque
558 840 629 912 loco
657 845 817 913 sinceram
845 850 1072 933 excerptorum
1098 846 1310 918 tradrtionem

192 948 340 1011 agnosco.

276 1013 331 1096 lv,
361 1017 388 1097 1,
415 1016 546 1081 96111
571 1015 667 1084 1111
696 1020 849 1101 excerpta
874 1014 934 1083 sed
960 1014 1061 1083 otiam
1089 1018 1309 1102 fragmentum

190 1098 402 1167 Ouiacianum
425 1101 597 1169 exhibent:

343 1185 420 1255 Sive
441 1188 503 1254 hac
528 1189 597 1255 sive
619 1189 696 1255 illae
718 1186 830 1254 veniat
851 1187 960 1271 gravis
983 1187 1126 1275 impetus
1149 1190 1273 1275 hastae,

189 1272 223 1338 in
250 1272 418 1339 codicibus
448 1278 559 1340 autem
592 1274 751 1360 scriptum
784 1276 833 1340 est
867 1273 1019 1356 „grandis
1049 1276 1139 1343 venit
1163 1278 1308 1365 impetus

189 1357 335 1442 hastae“,
358 1359 612 1445 quodquoniam
630 1380 694 1427 non
715 1361 825 1427 minus
846 1359 925 1426 ferri
947 1365 1068 1447 posset,
1091 1365 1308 1431 coniecturam

189 1443 223 1510 in
249 1445 412 1529 excerptis
435 1445 613 1512 admissam
635 1466 790 1514 essenon
813 1450 863 1512 111
882 1446 951 1512 veri
974 1447 1091 1514 simile.

275 1530 473 1599 Dubitanter
495 1532 534 1599 de
558 1530 684 1601 duobus
706 1532 797 1612 locis,
821 1531 872 1615 111,
892 1532 922 1614 5,
948 1534 987 1597 16
1010 1538 1042 1600 11
1063 1532 1117 1614 ΙΠ,
1141 1533 1172 1615 6,
1194 1533 1236 1596 45
1260 1534 1308 1599 11-

189 1637 280 1701 quor,
304 1617 423 1702 quibus
441 1622 665 1704 excerptorum
681 1624 714 1686 11
730 1617 880 1685 codicum
901 1618 1058 1686 lectiones
1080 1639 1139 1704 per
1155 1625 1326 1704 seseque·

188 1704 291 1771 bonae
314 1709 399 1785 sunt,
423 1710 577 1790 excerpta
603 1710 713 1771 autem
735 1704 942 1771 consentiunt
964 1722 1038 1770 cum
1061 1703 1170 1771 Ovidii
1191 1705 1309 1771 homm

188 1790 330 1856 locorum
359 1790 541 1857 imitatione
566 1789 635 1874 (ars
657 1804 719 1858 am.
743 1791 782 1873 Π,
806 1786 869 1854 6111)
892 1793 926 1856 11
946 1789 998 1872 ΠΙ,
1022 1788 1111 1873 445).
1161 1789 1247 1858 Casu
1273 1793 1308 1857 in

189 1876 351 1962 excerptis
384 1876 501 1943 eodem
522 1876 617 1943 modo
653 1882 797 1944 erratum
832 1895 903 1943 esse
936 1896 1000 1962 quo
1024 1876 1163 1945 Ovidius
1195 1898 1216 1944 a
1249 1897 1308 1944 suo
1415 1922 1420 1935 ‚

189 1963 338 2048 exemplo
360 1963 499 2030 recessit
521 1962 608 2029 credi
629 1984 694 2031 111
714 1966 831 2050 potest.
879 1961 993 2047 ltaque
1016 1965 1074 2028 aut
1095 1963 1306 2030 statuendum
1324 2002 1332 2013 -

189 2054 240 2116 est
267 2070 287 2115 a
313 2049 447 2116 librario
475 2049 584 2134 aliquo
612 2054 765 2134 excerpta
792 2048 845 2115 vel
871 2047 1017 2114 codicem
1044 2067 1108 2132 quo
1139 2055 1309 2135 excerptor

190 2156 270 2202 1111
293 2140 343 2203 111
367 2133 546 2202 secundum
565 2134 673 2201 Ovidii
696 2136 770 2202 illos
792 2153 905 2202 versus
928 2137 1110 2199 correctum
1132 2155 1213 2216 esse,
1241 2139 1308 2217 aut,

190 2222 277 2308 quod
299 2221 380 2288 mihi
402 2223 472 2288 veri
496 2220 636 2289 similius
657 2222 798 2303 videtur,
821 2223 1102 2303 excerptoremm
1124 2222 1307 2303 retinuisse,

190 2307 278 2392 quod
304 2309 403 2374 etiam
426 2305 563 2374 Ovidius
592 2310 770 2391 invenerat,
801 2307 835 2372 in
866 2305 1034 2373 codicibus
1057 2312 1166 2374 autem
1198 2326 1307 2374 errore

190 2393 274 2460 illud
296 2413 410 2459 verum
433 2393 646 2479 depravatum
668 2414 748 2461 esse.

273 2479 431 2546 Videmus
451 2480 552 2564 igitur
577 2499 641 2545 non
667 2479 774 2546 nullos
794 2481 891 2565 certe
918 2476 1007 2544 locos
1035 2481 1162 2545 exstare
1188 2477 1308 2563 quibus

189 2571 340 2651 excerpta
373 2586 488 2654 verum
513 2564 934 2653 simpliciter'retinuerint,
965 2564 1053 2649 quod
1079 2564 1115 2630 in
1141 2563 1307 2630 codicibus

189 2651 398 2737 depravatum
421 2658 484 2733 111;
509 2654 683 2718 occurrunt
704 2655 816 2739 autem
837 2668 902 2737 non
921 2650 1030 2717 minus
1053 2650 1202 2732 exempla
1216 2670 1308 2736 pror-

189 2758 245 2804 sus
268 2738 438 2804 contraria.
483 2737 595 2823 ltaque
619 2742 754 2825 apparet
769 2737 906 2821 singulis
921 2736 1003 2802 locis
1018 2737 1209 2802 auctoritate
1223 2736 1305 2802 nihil

188 2820 360 2891 diiudicari
381 2840 488 2909 posse,
516 2824 627 2908 ibique
649 2823 706 2890 ubi
729 2844 770 2890 ne
797 2826 922 2890 ratione
949 2822 1084 2907 quidem
1113 2822 1155 2888 ad
1181 2826 1308 2889 certum

187 2910 347 2977 iudicium
368 2909 532 2996 perveniri
554 2914 663 2994 potest
678 2930 788 2977 veram
809 2910 983 2977 lectionem
1004 2909 1038 2974 in
1063 2909 1186 2974 incerto
1208 2908 1308 2974 relin-

189 2998 350 3081 quendam
363 3016 453 3061 esse.
491 2992 600 3062 Huius
623 2994 752 3079 generis
771 2998 834 3063 loci
858 2998 1030 3062 occurrunt
1044 3014 1107 3060 non
1123 2994 1229 3080 pauci,
1249 2993 1309 3079 sed

188 3083 379 3169 plerumque
395 3082 443 3147 ita
456 3085 495 3148 11
510 3100 591 3166 quos
612 3086 714 3150 testes
736 3102 914 3167 sequamur
926 3101 990 3147 non
1005 3081 1146 3146 multum
1168 3082 1307 3147 intersit.

187 3169 317 3236 Primus
338 3167 437 3236 huius
459 3167 549 3233 modi
568 3168 659 3235 locus
682 3170 824 3236 occurrit
845 3169 869 3250 1,
895 3171 923 3248 1,
944 3167 1002 3232 48:

340 3254 444 3333 Quam
466 3254 559 3320 iuvat
580 3254 723 3323 immites
745 3259 859 3321 ventos
882 3250 995 3319 audire
1020 3252 1192 3319 cubantem

391 3343 424 3407 et
446 3340 610 3407 dominam
631 3345 743 3408 tenero
766 3340 944 3406 detinuisse
967 3338 1052 3418 sinu,

340 3426 543 3513 autgelidas
565 3426 719 3494 bibemus
742 3446 844 3511 aquas
866 3445 941 3490 cum
962 3423 1084 3490 fuderit
1106 3427 1229 3506 auster,

395 3532 545 3579 securum
568 3533 697 3580 somnos
717 3513 820 3579 imbre
842 3512 975 3577 iuvante
998 3506 1101 3595 sequi.

272 3596 344 3664 Hoc
364 3598 435 3665 loco
456 3599 596 3666 editores
618 3599 767 3685 plerique
790 3618 831 3663 ex
854 3596 1018 3681 excerptis
1032 3601 1065 3662 11
1079 3615 1143 3661 111
1168 3595 1308 3662 alterove

188 3682 296 3751 codice
316 3691 506 3771 receperunt
534 3684 655 3767 „imbre
671 3681 834 3765 iuvante“,
856 3682 944 3768 quod
958 3681 1117 3769 Dissenus
1137 3680 1310 3766 1111111-

186 3774 254 3835 tate
291 3770 415 3837 dictum
446 3792 518 3839 esse
551 3774 647 3856 putat
679 3789 777 3854 quam
803 3769 833 3835 11
862 3770 919 3854 qui
944 3773 1037 3835 11111
1064 3768 1105 3834 ab
1132 3766 1237 3834 imbre
1259 3788 1294 3834 es

186 3857 335 3943 percipit.
380 3856 445 3925 Sed
471 3876 535 3922 non
560 3855 657 3922 video
684 3875 743 3922 cur
771 3855 806 3938 in
836 3856 936 3922 talem
970 3854 1167 3943 sententiam
1198 3854 1308 3941 minus

186 3943 266 4009 bene
288 3942 426 4030 quadret
452 3942 649 4031 optimorum
671 3942 821 4009 codicum
844 3942 1006 4029 scriptura
1028 3941 1120 4023 „igne
1143 3936 1308 4006 11111111.

185 4025 288 4096 Poeta
310 4030 396 4097 enim
418 4047 493 4095 cum
513 4046 578 4094 non
598 4027 696 4096 modo
727 4028 767 4097 de
794 4030 889 4115 aquis
916 4025 974 4095 sed
1001 4026 1052 4094 de*
1071 4024 1188 4110 gelidis
1215 4025 1309 4111 equis
