2988 4564
637 265 852 327 ..13-

188 447 383 533 interpolata
405 455 516 515 autem
530 449 713 534 traditione,
737 471 810 517 oum
825 472 867 518 ne
883 471 922 517 ea
936 451 1070 536 quidem
1085 471 1168 536 quae
1184 452 1308 518 nullam

189 532 396 601 offensionem
418 536 576 621 praebent
597 537 693 622 plane
715 542 803 604 certa
824 539 889 605 sint
924 538 1085 604 leniorum
1107 540 1308 606 coniectura-

188 642 262 687 rum
284 621 496 706 probabilitas
519 644 557 690 ea
579 644 613 690 re
636 625 796 691 minuitur
811 624 908 710 quod,
930 646 972 691 an
987 626 1098 710 potius
1112 628 1201 692 totus
1215 625 1307 692 locus

188 708 319 791 gravius
334 710 549 794 interpolatus
564 711 617 793 sit,
633 715 720 777 certo
738 712 820 778 seire
836 731 900 777 non
914 732 1101 797 possumus,
1121 713 1308 794 graviorum

189 798 298 860 autem
330 796 549 862 mutationum
583 818 620 863 eo
654 797 741 882 quod
772 798 807 863 in
840 798 921 865 locis
951 800 1093 882 graviter
1122 797 1307 884 depravatis

188 882 293 946 multa
332 882 405 965 pari
444 882 672 969 probabilitate
716 883 907 969 plerumque
932 885 1125 968 'excogitari
1161 888 1307 971 possunt.

187 967 300 1051 ltaque
322 968 357 1033 in
380 969 592 1055 scriptoribus
615 970 699 1036 male
715 969 846 1037 traditis
862 971 903 1037 ad
919 971 1135 1037 dubitandum
1152 972 1308 1039 debemus

189 1075 260 1120 esee
285 1056 380 1138 proni
401 1075 505 1140 neque
526 1056 637 1123 timidi
658 1058 693 1122 in
715 1056 914 1139 coniciendo,
937 1058 970 1123 in
993 1061 1087 1124 textu
1109 1063 1218 1125 autem
1234 1079 1308 1125 oon·

81 1209 93 1232 .
189 1141 352 1207 stitucndc
384 1162 449 1208 non
481 1141 650 1209 liberiores
684 1142 742 1209 sed
775 1145 936 1211 cautiores
969 1164 1067 1228 quam
1100 1146 1188 1230 apud
1216 1144 1306 1212 alios.

189 1225 341 1293 Ceterum
372 1227 459 1312 quod
489 1248 588 1313 supra
620 1229 700 1311 dixi,
733 1250 797 1295 non
828 1230 935 1296 minue
962 1250 1059 1314 quam
1088 1250 1161 1296 eam
1187 1231 1309 1298 Tibulli

188 1319 315 1399 partem
337 1334 419 1399 quae
441 1315 474 1380 in
499 1313 672 1381 Ouiaciano
697 1316 846 1382 exstabat
871 1320 976 1382 cetera
1001 1316 1104 1382 videri
1133 1317 1309 1401 depravata

190 1420 272 1482 esse,
296 1400 356 1466 1100
379 1401 585 1486 aliquatenus
607 1402 800 1468 imminuere
822 1402 908 1484 11001,
937 1403 1014 1486 quia
1035 1402 1069 1466 in
1091 1422 1129 1467 00
1151 1402 1308 1468 Τ111111110-

188 1508 304 1553 norum
333 1489 513 1553 carminum
539 1492 632 1571 parte
656 1508 753 1572 quam
775 1490 993 1571 fragmentum
1017 1485 1227 1554 Ouiaeianum
1251 1508 1308 1555 cx-

188 1573 280 1640 hibet
301 1573 457 1658 pleraque
480 1575 527 1639 ita
549 1579 736 1659 comparata
758 1578 835 1640 sunt
856 1577 895 1639 ut
914 1574 1161 1660 interpolatione
1184 1575 1251 1640 11110
1273 1575 1309 1639 in

188 1661 303 1744 primis
328 1660 420 1727 locus
449 1663 543 1726 esset.
587 1659 672 1726 Nam
695 1660 853 1746 Lygdami
879 1661 1022 1726 earmina
1044 1661 1137 1726 facilc
1160 1663 1309 1746 poterant

188 1747 394 1812 librariorum
422 1746 543 1811 iudicio
568 1768 633 1812 non
661 1768 791 1834 semper
817 1748 1014 1828 satisfacere,
1043 1745 1208 1832 Sulpiciae
1240 1747 1308 1833 epi·

189 1834 291 1899 stolae
315 1837 392 1898 sunt
413 1831 675 1915 obscurissimam
697 1834 731 1899 in
753 1834 984 1919 panegyricum
1005 1837 1116 1899 autem
1130 1838 1306 1918 utrumque

190 1919 285 1985 cadit.
319 1917 407 1985 Huic
429 1921 477 1985 rei
491 1940 665 2005 possumus
681 1921 885 2004 aliquantum
900 1919 1053 2002 tribuere,
1076 1939 1182 2005 neque
1196 1925 1306 1986 tamen

190 2005 333 2072 dubitari
354 2007 464 2090 potest
485 2007 564 2089 quin
586 2010 673 2072 recte
695 2005 920 2073 Lachmannus
944 2006 1106 2089 ceterique
1129 2007 1169 2072 de
1190 2007 1251 2073 hac
1269 2027 1305 2073 rc

189 2092 416 2158 iudicaverint.
472 2091 699 2168 Quaerendum
733 2098 841 2159 autem
875 2098 926 2160 est
961 2114 1039 2158 num
1076 2094 1213 2160 fortasse
1246 2094 1306 2159 hoc

189 2179 349 2245 iudicium
378 2179 420 2245 iis
446 2179 586 2246 testibus
613 2180 819 2246 confirmetur
845 2181 903 2264 qui
931 2199 1040 2246 01111100
1063 2177 1184 2246 Tibulli
1205 2180 1306 2246 1111100

190 2265 458 2350 complectuntur.

459 2467 490 2536 ll.
517 2468 561 2537 lle
584 2467 747 2554 excerptis
771 2465 1033 2552 Frisinpenslbos.

276 2605 440 2693 Excerpta
461 2606 680 2691 Frisingensia
702 2629 777 2675 cum
798 2609 900 2676 semel
925 2610 1176 2674 commemorata
1198 2610 1309 2675 essent

191 2693 312 2759 alano
340 2693 522 2776 Gebhardo,
549 2694 775 2762 Lachmannus
805 2715 932 2761 0011011
959 2695 1099 2760 multum
1133 2693 1307 2760 diversae

193 2777 350 2860 Scaligcri
374 2785 410 2846 et
436 2779 598 2846 Vincentii
627 2782 786 2867 excerptis
813 2802 883 2848 esse
910 2781 1095 2866 suspicatus
1130 2779 1306 2846 aDoccno

191 2867 354 2949 quaesivit
385 2867 520 2950 siquid
552 2868 622 2932 eius
651 2869 740 2934 modi
761 2867 923 2934 Monachii
953 2868 1079 2932 lateret.
1127 2865 1308 2951 Respondit

190 2952 245 3018 ille
268 2953 507 3037 excerptionem
530 2952 650 3019 Tibulli
673 2975 743 3021 0000
765 2955 800 3021 111
821 2953 965 3040 quodam
983 2953 1091 3019 codice
1107 2951 1308 3034 Frisingensi

192 3039 315 3105 saeculi
347 3038 522 3121 undecimi,
556 3045 588 3107 et
622 3042 770 3125 promisit
797 3062 831 3107 00
859 3041 930 3107 eius
957 3039 1178 3125 apographum
1205 3038 1309 3105 Lach-

191 3146 308 3191 manno
336 3125 514 3192 missurum
541 3147 621 3193 esse.
666 3126 731 3194 Sed
757 3148 831 3192 cum
857 3126 940 3192 illud
966 3125 1161 3211 promissum
1184 3122 1309 3191 Doceni

191 3216 294 3277 morte
328 3212 459 3278 irritum
491 3214 611 3279 factum
646 3218 742 3294 esset,
775 3212 1002 3278 Lachmannus
1030 3212 1150 3277 emissa
1178 3210 1309 3277 demum
1380 3260 1382 3263 ψ

192 3297 332 3363 editione
356 3303 509 3383 excerpta
530 3300 589 3364 illa
611 3299 832 3366 aThierschio
855 3298 990 3383 accepit,
1015 3299 1086 3382 ipse
1109 3300 1218 3363 autem
1241 3303 1309 3363 tra·

192 3384 276 3450 didit
298 3383 446 3465 Disseno,
474 3386 530 3470 qui
556 3387 590 3452 in
617 3385 758 3451 editione
787 3405 847 3451 sua
874 3385 915 3450 iis
942 3404 1006 3449 non
1027 3404 1206 3468 numquam
1228 3404 1309 3451 110110

193 3475 252 3536 001.
296 3470 370 3555 Ipse
398 3475 505 3537 autem
528 3472 756 3539 Lachmannus
781 3475 896 3555 postea
921 3471 956 3535 in
980 3470 1102 3537 Tibulli
1124 3470 1310 3537 Disseniani

192 3558 377 3624 recensione
411 3557 550 3625 breviter
583 3558 623 3624 de
655 3559 696 3623 iis
727 3556 889 3640 excerptis
917 3555 1137 3641 disputavit.¹)
1184 3557 1311 3622 Iudicat

192 3648 303 3710 autem
336 3644 392 3710 illo
426 3645 506 3726 loco,
539 3647 693 3728 excerpta
721 3642 944 3726 frisingeneia
977 3644 1088 3726 exigui
1121 3643 1163 3709 ad
1189 3642 1311 3709 Tibulli

192 3733 321 3797 textum
362 3730 625 3797 constituendum
661 3729 816 3796 momenti
860 3749 942 3811 0000,
987 3728 1311 3796 animadvertendum

280 3934 299 4001 1)
319 3935 370 3988 Ofr.
382 3934 545 3988 Lachmanni
562 3935 750 4002 praefationem
769 3909 829 4004 pap.
839 3934 877 3990 VI
895 3941 921 3988 et
931 3935 1002 3987 illem
1015 3933 1193 3987 recensionem
1205 3930 1310 3999 (Kleine

194 4003 329 4058 Schriften
345 4019 405 4072 pag.
420 4001 489 4071 146).
