<?xml version="1.0" encoding="UTF-8"?>
<!DOCTYPE html PUBLIC "-//W3C//DTD XHTML 1.0 Transitional//EN"
    "http://www.w3.org/TR/xhtml1/DTD/xhtml1-transitional.dtd">
<html xmlns="http://www.w3.org/1999/xhtml" xml:lang="en" lang="en">
 <head>
  <title>
</title>
<meta http-equiv="Content-Type" content="text/html;charset=utf-8" />
  <meta name='ocr-system' content='tesseract 3.04.00' />
  <meta name='ocr-capabilities' content='ocr_page ocr_carea ocr_par ocr_line ocrx_word'/>
</head>
<body>
  <div class='ocr_page' id='page_1' title='image "./detibullicodici00rothgoog_0039.png"; bbox 0 0 2988 4564; ppageno 0'>
   <div class='ocr_carea' id='block_1_1' title="bbox 623 266 838 336">
    <p class='ocr_par' dir='ltr' id='par_1_1' title="bbox 623 266 838 336">
     <span class='ocr_line' id='line_1_1' title="bbox 623 266 838 336; baseline 0 -19"><span class='ocrx_word' id='word_1_1' title='bbox 623 266 838 336; x_wconf 67' lang='lat'>...28-</span> 
     </span>
    </p>
   </div>
   <div class='ocr_carea' id='block_1_2' title="bbox 165 454 1285 1150">
    <p class='ocr_par' dir='ltr' id='par_1_2' title="bbox 166 454 1285 804">
     <span class='ocr_line' id='line_1_2' title="bbox 169 454 1284 547; baseline 0.009 -26"><span class='ocrx_word' id='word_1_2' title='bbox 169 454 310 523; x_wconf 89' lang='lat' dir='ltr'>carmins</span> <span class='ocrx_word' id='word_1_3' title='bbox 334 454 376 524; x_wconf 90' lang='lat' dir='ltr'>ad</span> <span class='ocrx_word' id='word_1_4' title='bbox 399 455 576 526; x_wconf 80' lang='lat' dir='ltr'>Oomutum</span> <span class='ocrx_word' id='word_1_5' title='bbox 601 459 702 526; x_wconf 89' lang='lat' dir='ltr'>misso</span> <span class='ocrx_word' id='word_1_6' title='bbox 725 460 930 545; x_wconf 89' lang='lat' dir='ltr'>aptissimum</span> <span class='ocrx_word' id='word_1_7' title='bbox 953 460 1001 527; x_wconf 90' lang='lat' dir='ltr'>ita</span> <span class='ocrx_word' id='word_1_8' title='bbox 1022 482 1080 547; x_wconf 88' lang='lat' dir='ltr'>par</span> <span class='ocrx_word' id='word_1_9' title='bbox 1103 482 1137 528; x_wconf 93' lang='lat' dir='ltr'>se</span> <span class='ocrx_word' id='word_1_10' title='bbox 1158 461 1284 531; x_wconf 86' lang='lat' dir='ltr'>nullum</span> 
     </span>
     <span class='ocr_line' id='line_1_3' title="bbox 168 545 1285 629; baseline 0.006 -21"><span class='ocrx_word' id='word_1_11' title='bbox 168 562 299 609; x_wconf 90' lang='lat' dir='ltr'>sensum</span> <span class='ocrx_word' id='word_1_12' title='bbox 322 545 508 628; x_wconf 80' lang='lat' dir='ltr'>praebebat,</span> <span class='ocrx_word' id='word_1_13' title='bbox 535 547 721 612; x_wconf 79' lang='lat' dir='ltr'><strong>immutavit</strong></span> <span class='ocrx_word' id='word_1_14' title='bbox 745 547 780 612; x_wconf 91' lang='lat' dir='ltr'>in</span> <span class='ocrx_word' id='word_1_15' title='bbox 809 546 939 629; x_wconf 80' lang='lat' dir='ltr'>„mihi“.</span> <span class='ocrx_word' id='word_1_16' title='bbox 985 546 1116 615; x_wconf 81' lang='lat' dir='ltr'>Talibus</span> <span class='ocrx_word' id='word_1_17' title='bbox 1142 549 1211 615; x_wconf 83' lang='lat' dir='ltr'>fere</span> <span class='ocrx_word' id='word_1_18' title='bbox 1233 568 1285 615; x_wconf 87' lang='lat' dir='ltr'>ra·</span> 
     </span>
     <span class='ocr_line' id='line_1_4' title="bbox 166 629 1284 718; baseline 0.007 -24"><span class='ocrx_word' id='word_1_19' title='bbox 166 629 309 696; x_wconf 76' lang='lat' dir='ltr'>tionibus</span> <span class='ocrx_word' id='word_1_20' title='bbox 333 630 449 697; x_wconf 90' lang='lat' dir='ltr'>ductus</span> <span class='ocrx_word' id='word_1_21' title='bbox 465 632 595 698; x_wconf 85' lang='lat' dir='ltr'>videtur</span> <span class='ocrx_word' id='word_1_22' title='bbox 616 632 698 698; x_wconf 91' lang='lat' dir='ltr'>mihi</span> <span class='ocrx_word' id='word_1_23' title='bbox 719 637 888 718; x_wconf 77' lang='lat' dir='ltr'>excerptor</span> <span class='ocrx_word' id='word_1_24' title='bbox 910 633 1114 701; x_wconf 87' lang='lat' dir='ltr'>cambarum</span> <span class='ocrx_word' id='word_1_25' title='bbox 1131 655 1284 702; x_wconf 89' lang='lat' dir='ltr'>versuum</span> 
     </span>
     <span class='ocr_line' id='line_1_5' title="bbox 166 715 1099 804; baseline 0.006 -25"><span class='ocrx_word' id='word_1_26' title='bbox 166 715 302 780; x_wconf 88' lang='lat' dir='ltr'>formam</span> <span class='ocrx_word' id='word_1_27' title='bbox 326 716 471 784; x_wconf 86' lang='lat' dir='ltr'>effecisse</span> <span class='ocrx_word' id='word_1_28' title='bbox 495 738 577 804; x_wconf 89' lang='lat' dir='ltr'>quae</span> <span class='ocrx_word' id='word_1_29' title='bbox 601 720 635 785; x_wconf 96' lang='lat' dir='ltr'>in</span> <span class='ocrx_word' id='word_1_30' title='bbox 658 720 820 804; x_wconf 74' lang='lat' dir='ltr'>excerptis</span> <span class='ocrx_word' id='word_1_31' title='bbox 842 720 962 786; x_wconf 89' lang='lat' dir='ltr'>tradita</span> <span class='ocrx_word' id='word_1_32' title='bbox 984 723 1099 787; x_wconf 90' lang='lat' dir='ltr'>exstat.</span> 
     </span>
    </p>

    <p class='ocr_par' dir='ltr' id='par_1_3' title="bbox 165 801 1284 1058">
     <span class='ocr_line' id='line_1_6' title="bbox 252 801 1284 891; baseline 0.006 -24"><span class='ocrx_word' id='word_1_33' title='bbox 252 801 395 869; x_wconf 79' lang='lat' dir='ltr'>Facilius</span> <span class='ocrx_word' id='word_1_34' title='bbox 410 804 599 889; x_wconf 88' lang='lat' dir='ltr'>plerumque</span> <span class='ocrx_word' id='word_1_35' title='bbox 622 806 661 870; x_wconf 91' lang='lat' dir='ltr'>de</span> <span class='ocrx_word' id='word_1_36' title='bbox 684 805 726 870; x_wconf 92' lang='lat' dir='ltr'>iis</span> <span class='ocrx_word' id='word_1_37' title='bbox 741 805 880 871; x_wconf 90' lang='lat' dir='ltr'>iudicari</span> <span class='ocrx_word' id='word_1_38' title='bbox 898 810 1007 891; x_wconf 90' lang='lat' dir='ltr'>potest</span> <span class='ocrx_word' id='word_1_39' title='bbox 1022 826 1106 891; x_wconf 87' lang='lat' dir='ltr'>quas</span> <span class='ocrx_word' id='word_1_40' title='bbox 1127 807 1161 874; x_wconf 91' lang='lat' dir='ltr'>in</span> <span class='ocrx_word' id='word_1_41' title='bbox 1177 808 1284 875; x_wconf 85' lang='lat' dir='ltr'>brevi-</span> 
     </span>
     <span class='ocr_line' id='line_1_7' title="bbox 167 885 1284 978; baseline 0.008 -27"><span class='ocrx_word' id='word_1_42' title='bbox 167 885 227 953; x_wconf 91' lang='lat' dir='ltr'>bus</span> <span class='ocrx_word' id='word_1_43' title='bbox 243 890 413 955; x_wconf 89' lang='lat' dir='ltr'>sententiis</span> <span class='ocrx_word' id='word_1_44' title='bbox 428 894 598 977; x_wconf 85' lang='lat' dir='ltr'>excerptor</span> <span class='ocrx_word' id='word_1_45' title='bbox 618 892 766 957; x_wconf 84' lang='lat' dir='ltr'>mutavit.</span> <span class='ocrx_word' id='word_1_46' title='bbox 812 890 883 959; x_wconf 91' lang='lat' dir='ltr'>Hoc</span> <span class='ocrx_word' id='word_1_47' title='bbox 899 912 1027 978; x_wconf 90' lang='lat' dir='ltr'>quoque</span> <span class='ocrx_word' id='word_1_48' title='bbox 1044 893 1158 978; x_wconf 88' lang='lat' dir='ltr'>paucis</span> <span class='ocrx_word' id='word_1_49' title='bbox 1174 914 1284 962; x_wconf 87' lang='lat' dir='ltr'>oxom-</span> 
     </span>
     <span class='ocr_line' id='line_1_8' title="bbox 165 973 432 1058; baseline 0.007 -20"><span class='ocrx_word' id='word_1_50' title='bbox 165 973 230 1058; x_wconf 89' lang='lat' dir='ltr'>plis</span> <span class='ocrx_word' id='word_1_51' title='bbox 253 974 432 1043; x_wconf 88' lang='lat' dir='ltr'>illustrabo.</span> 
     </span>
    </p>

    <p class='ocr_par' dir='ltr' id='par_1_4' title="bbox 251 1059 1135 1150">
     <span class='ocr_line' id='line_1_9' title="bbox 251 1059 1135 1150; baseline 0.008 -25"><span class='ocrx_word' id='word_1_52' title='bbox 251 1059 275 1142; x_wconf 95' lang='grc'>1,</span> <span class='ocrx_word' id='word_1_53' title='bbox 299 1062 329 1142; x_wconf 85' lang='grc'>6,</span> <span class='ocrx_word' id='word_1_54' title='bbox 352 1062 393 1124; x_wconf 80' lang='grc'>75</span> <span class='ocrx_word' id='word_1_55' title='bbox 416 1061 564 1130; x_wconf 89' lang='lat' dir='ltr'>Tibullus</span> <span class='ocrx_word' id='word_1_56' title='bbox 586 1062 715 1130; x_wconf 89' lang='lat' dir='ltr'>Deliam</span> <span class='ocrx_word' id='word_1_57' title='bbox 736 1063 788 1130; x_wconf 94' lang='lat' dir='ltr'>his</span> <span class='ocrx_word' id='word_1_58' title='bbox 813 1064 923 1132; x_wconf 91' lang='lat' dir='ltr'>verbis</span> <span class='ocrx_word' id='word_1_59' title='bbox 946 1065 1135 1150; x_wconf 89' lang='lat' dir='ltr'>alloquitur:</span> 
     </span>
    </p>
   </div>
   <div class='ocr_carea' id='block_1_3' title="bbox 315 1163 1138 1251">
    <p class='ocr_par' dir='ltr' id='par_1_5' title="bbox 315 1163 1138 1251">
     <span class='ocr_line' id='line_1_10' title="bbox 315 1163 1138 1251; baseline 0.007 -21"><span class='ocrx_word' id='word_1_60' title='bbox 315 1163 385 1231; x_wconf 89' lang='lat' dir='ltr'>Nec</span> <span class='ocrx_word' id='word_1_61' title='bbox 410 1186 505 1233; x_wconf 84' lang='lat' dir='ltr'>saevo</span> <span class='ocrx_word' id='word_1_62' title='bbox 529 1168 575 1233; x_wconf 88' lang='lat' dir='ltr'>sis</span> <span class='ocrx_word' id='word_1_63' title='bbox 598 1170 688 1233; x_wconf 89' lang='lat' dir='ltr'>casta</span> <span class='ocrx_word' id='word_1_64' title='bbox 709 1173 801 1235; x_wconf 89' lang='lat' dir='ltr'>metu</span> <span class='ocrx_word' id='word_1_65' title='bbox 824 1168 881 1235; x_wconf 87' lang='lat' dir='ltr'>scd</span> <span class='ocrx_word' id='word_1_66' title='bbox 905 1172 1014 1235; x_wconf 91' lang='lat' dir='ltr'>mente</span> <span class='ocrx_word' id='word_1_67' title='bbox 1036 1168 1138 1251; x_wconf 84' lang='lat' dir='ltr'>fideli3</span> 
     </span>
    </p>
   </div>
   <div class='ocr_carea' id='block_1_4' title="bbox 164 1267 1282 1441">
    <p class='ocr_par' dir='ltr' id='par_1_6' title="bbox 164 1267 1282 1441">
     <span class='ocr_line' id='line_1_11' title="bbox 166 1267 1282 1359; baseline 0.008 -28"><span class='ocrx_word' id='word_1_68' title='bbox 166 1270 337 1352; x_wconf 88' lang='lat' dir='ltr'>excerptor</span> <span class='ocrx_word' id='word_1_69' title='bbox 364 1287 462 1352; x_wconf 89' lang='lat' dir='ltr'>quam</span> <span class='ocrx_word' id='word_1_70' title='bbox 488 1269 529 1335; x_wconf 91' lang='lat' dir='ltr'>ob</span> <span class='ocrx_word' id='word_1_71' title='bbox 559 1290 628 1336; x_wconf 86' lang='lat' dir='ltr'>rem</span> <span class='ocrx_word' id='word_1_72' title='bbox 661 1267 760 1352; x_wconf 86' lang='lat' dir='ltr'>„nec“</span> <span class='ocrx_word' id='word_1_73' title='bbox 794 1271 829 1335; x_wconf 92' lang='lat' dir='ltr'>in</span> <span class='ocrx_word' id='word_1_74' title='bbox 865 1268 944 1353; x_wconf 84' lang='lat' dir='ltr'>„no“</span> <span class='ocrx_word' id='word_1_75' title='bbox 974 1274 1152 1340; x_wconf 84' lang='lat' dir='ltr'>mutaverit</span> <span class='ocrx_word' id='word_1_76' title='bbox 1185 1276 1282 1359; x_wconf 84' lang='lat' dir='ltr'>atque</span> 
     </span>
     <span class='ocr_line' id='line_1_12' title="bbox 164 1354 735 1441; baseline 0.009 -24"><span class='ocrx_word' id='word_1_77' title='bbox 164 1361 291 1423; x_wconf 88' lang='lat' dir='ltr'>mutare</span> <span class='ocrx_word' id='word_1_78' title='bbox 314 1354 463 1421; x_wconf 87' lang='lat' dir='ltr'>debuerit</span> <span class='ocrx_word' id='word_1_79' title='bbox 483 1357 517 1422; x_wconf 92' lang='lat' dir='ltr'>in</span> <span class='ocrx_word' id='word_1_80' title='bbox 540 1360 652 1441; x_wconf 88' lang='lat' dir='ltr'>aperto</span> <span class='ocrx_word' id='word_1_81' title='bbox 676 1361 735 1424; x_wconf 85' lang='lat' dir='ltr'>est.</span> 
     </span>
    </p>
   </div>
   <div class='ocr_carea' id='block_1_5' title="bbox 164 1459 1284 2838">
    <p class='ocr_par' dir='ltr' id='par_1_7' title="bbox 251 1459 600 1540">
     <span class='ocr_line' id='line_1_13' title="bbox 251 1459 600 1540; baseline -0.003 -15"><span class='ocrx_word' id='word_1_82' title='bbox 251 1460 394 1528; x_wconf 87' lang='lat' dir='ltr'>Versum</span> <span class='ocrx_word' id='word_1_83' title='bbox 416 1459 469 1540; x_wconf 90' lang='grc'><strong>111,</strong></span> <span class='ocrx_word' id='word_1_84' title='bbox 493 1459 523 1540; x_wconf 85' lang='grc'>3,</span> <span class='ocrx_word' id='word_1_85' title='bbox 552 1462 600 1525; x_wconf 87' lang='lat'>11.</span> 
     </span>
    </p>

    <p class='ocr_par' dir='ltr' id='par_1_8' title="bbox 164 1544 1282 1890">
     <span class='ocr_line' id='line_1_14' title="bbox 316 1544 1281 1630; baseline -0.004 -16"><span class='ocrx_word' id='word_1_86' title='bbox 316 1547 401 1614; x_wconf 88' lang='lat' dir='ltr'>Nam</span> <span class='ocrx_word' id='word_1_87' title='bbox 420 1566 516 1630; x_wconf 82' lang='lat' dir='ltr'>graue</span> <span class='ocrx_word' id='word_1_88' title='bbox 543 1545 621 1630; x_wconf 91' lang='lat' dir='ltr'>quid</span> <span class='ocrx_word' id='word_1_89' title='bbox 666 1545 778 1612; x_wconf 88' lang='lat' dir='ltr'>rodest</span> <span class='ocrx_word' id='word_1_90' title='bbox 798 1547 924 1630; x_wconf 91' lang='lat' dir='ltr'>pondus</span> <span class='ocrx_word' id='word_1_91' title='bbox 947 1546 1030 1612; x_wconf 92' lang='lat' dir='ltr'>mihi</span> <span class='ocrx_word' id='word_1_92' title='bbox 1052 1544 1164 1612; x_wconf 90' lang='lat' dir='ltr'>divitis</span> <span class='ocrx_word' id='word_1_93' title='bbox 1186 1545 1281 1611; x_wconf 77' lang='lat' dir='ltr'>aurii</span> 
     </span>
     <span class='ocr_line' id='line_1_15' title="bbox 165 1567 1281 1717; baseline -0.003 -17"><span class='ocrx_word' id='word_1_94' title='bbox 165 1636 242 1716; x_wconf 90' lang='lat' dir='ltr'>quia</span> <span class='ocrx_word' id='word_1_95' title='bbox 268 1630 393 1714; x_wconf 82' lang='lat' dir='ltr'>„nam“,</span> <span class='ocrx_word' id='word_1_96' title='bbox 417 1652 479 1717; x_wconf 89' lang='lat' dir='ltr'>quo</span> <span class='ocrx_word' id='word_1_97' title='bbox 502 1633 560 1699; x_wconf 94' lang='lat' dir='ltr'>illa</span> <span class='ocrx_word' id='word_1_98' title='bbox 586 1567 683 1698; x_wconf 75' lang='lat' dir='ltr'>verda</span> <span class='ocrx_word' id='word_1_99' title='bbox 706 1652 780 1697; x_wconf 92' lang='lat' dir='ltr'>cum</span> <span class='ocrx_word' id='word_1_100' title='bbox 803 1632 1069 1699; x_wconf 84' lang='lat' dir='ltr'>antecedentibus</span> <span class='ocrx_word' id='word_1_101' title='bbox 1098 1632 1281 1712; x_wconf 88' lang='lat' dir='ltr'>cohaerent,</span> 
     </span>
     <span class='ocr_line' id='line_1_16' title="bbox 164 1718 1282 1805; baseline 0.001 -20"><span class='ocrx_word' id='word_1_102' title='bbox 164 1721 355 1805; x_wconf 89' lang='lat' dir='ltr'>simpliciter</span> <span class='ocrx_word' id='word_1_103' title='bbox 382 1719 482 1786; x_wconf 86' lang='lat' dir='ltr'>deleri</span> <span class='ocrx_word' id='word_1_104' title='bbox 508 1718 548 1784; x_wconf 95' lang='lat' dir='ltr'>ob</span> <span class='ocrx_word' id='word_1_105' title='bbox 576 1723 718 1785; x_wconf 89' lang='lat' dir='ltr'>metrum</span> <span class='ocrx_word' id='word_1_106' title='bbox 745 1738 808 1784; x_wconf 92' lang='lat' dir='ltr'>non</span> <span class='ocrx_word' id='word_1_107' title='bbox 835 1722 972 1804; x_wconf 89' lang='lat' dir='ltr'>poterat,</span> <span class='ocrx_word' id='word_1_108' title='bbox 1005 1718 1137 1802; x_wconf 85' lang='lat' dir='ltr'>gravius</span> <span class='ocrx_word' id='word_1_109' title='bbox 1164 1720 1282 1786; x_wconf 90' lang='lat' dir='ltr'>immu-</span> 
     </span>
     <span class='ocr_line' id='line_1_17' title="bbox 165 1807 446 1890; baseline 0 -19"><span class='ocrx_word' id='word_1_110' title='bbox 165 1807 250 1872; x_wconf 86' lang='lat' dir='ltr'>tavit</span> <span class='ocrx_word' id='word_1_111' title='bbox 271 1824 446 1890; x_wconf 87' lang='lat' dir='ltr'>reponens:</span> 
     </span>
    </p>

    <p class='ocr_par' dir='ltr' id='par_1_9' title="bbox 316 1890 1236 1977">
     <span class='ocr_line' id='line_1_18' title="bbox 316 1890 1236 1977; baseline -0.005 -20"><span class='ocrx_word' id='word_1_112' title='bbox 316 1891 401 1969; x_wconf 82' lang='lat' dir='ltr'>Quid</span> <span class='ocrx_word' id='word_1_113' title='bbox 421 1891 574 1977; x_wconf 90' lang='lat' dir='ltr'>prodesse</span> <span class='ocrx_word' id='word_1_114' title='bbox 598 1894 706 1976; x_wconf 89' lang='lat' dir='ltr'>potest</span> <span class='ocrx_word' id='word_1_115' title='bbox 727 1890 853 1976; x_wconf 89' lang='lat' dir='ltr'>pondus</span> <span class='ocrx_word' id='word_1_116' title='bbox 875 1891 957 1957; x_wconf 92' lang='lat' dir='ltr'>mihi</span> <span class='ocrx_word' id='word_1_117' title='bbox 980 1891 1092 1957; x_wconf 84' lang='lat' dir='ltr'>divitis</span> <span class='ocrx_word' id='word_1_118' title='bbox 1117 1890 1236 1956; x_wconf 74' lang='grc'><strong>111111,</strong></span> 
     </span>
    </p>

    <p class='ocr_par' dir='ltr' id='par_1_10' title="bbox 164 1974 1284 2838">
     <span class='ocr_line' id='line_1_19' title="bbox 251 1974 1282 2063; baseline 0 -19"><span class='ocrx_word' id='word_1_119' title='bbox 251 1974 358 2063; x_wconf 86' lang='lat' dir='ltr'>Supra</span> <span class='ocrx_word' id='word_1_120' title='bbox 384 1978 526 2044; x_wconf 84' lang='lat' dir='ltr'>vidimus</span> <span class='ocrx_word' id='word_1_121' title='bbox 554 1981 776 2062; x_wconf 85' lang='lat' dir='ltr'>excerptorem</span> <span class='ocrx_word' id='word_1_122' title='bbox 803 1996 886 2062; x_wconf 88' lang='lat' dir='ltr'>quae</span> <span class='ocrx_word' id='word_1_123' title='bbox 918 1980 1030 2043; x_wconf 89' lang='lat' dir='ltr'>contra</span> <span class='ocrx_word' id='word_1_124' title='bbox 1061 1996 1137 2043; x_wconf 87' lang='lat' dir='ltr'>suae</span> <span class='ocrx_word' id='word_1_125' title='bbox 1165 1979 1282 2045; x_wconf 90' lang='lat' dir='ltr'>aetatis</span> 
     </span>
     <span class='ocr_line' id='line_1_20' title="bbox 164 2061 1284 2149; baseline 0.003 -20"><span class='ocrx_word' id='word_1_126' title='bbox 164 2067 341 2149; x_wconf 89' lang='lat' dir='ltr'>praecepta</span> <span class='ocrx_word' id='word_1_127' title='bbox 361 2065 498 2130; x_wconf 90' lang='lat' dir='ltr'>moralia</span> <span class='ocrx_word' id='word_1_128' title='bbox 527 2084 671 2148; x_wconf 83' lang='lat' dir='ltr'>pugnare</span> <span class='ocrx_word' id='word_1_129' title='bbox 697 2063 891 2129; x_wconf 88' lang='lat' dir='ltr'>videbantur</span> <span class='ocrx_word' id='word_1_130' title='bbox 917 2063 1105 2130; x_wconf 87' lang='lat' dir='ltr'>mutavisse.</span> <span class='ocrx_word' id='word_1_131' title='bbox 1152 2061 1219 2129; x_wconf 87' lang='lat' dir='ltr'>Sed</span> <span class='ocrx_word' id='word_1_132' title='bbox 1245 2085 1284 2132; x_wconf 88' lang='lat' dir='ltr'>ea</span> 
     </span>
     <span class='ocr_line' id='line_1_21' title="bbox 166 2148 1282 2234; baseline 0.003 -20"><span class='ocrx_word' id='word_1_133' title='bbox 166 2170 200 2215; x_wconf 91' lang='lat' dir='ltr'>re</span> <span class='ocrx_word' id='word_1_134' title='bbox 228 2170 292 2216; x_wconf 91' lang='lat' dir='ltr'>non</span> <span class='ocrx_word' id='word_1_135' title='bbox 316 2153 486 2216; x_wconf 86' lang='lat' dir='ltr'>contentus</span> <span class='ocrx_word' id='word_1_136' title='bbox 509 2171 574 2215; x_wconf 91' lang='lat' dir='ltr'>non</span> <span class='ocrx_word' id='word_1_137' title='bbox 605 2168 785 2232; x_wconf 90' lang='lat' dir='ltr'>numquam</span> <span class='ocrx_word' id='word_1_138' title='bbox 819 2148 917 2214; x_wconf 89' lang='lat' dir='ltr'>ultro</span> <span class='ocrx_word' id='word_1_139' title='bbox 932 2149 1013 2214; x_wconf 92' lang='lat' dir='ltr'>talia</span> <span class='ocrx_word' id='word_1_140' title='bbox 1062 2153 1214 2234; x_wconf 90' lang='lat' dir='ltr'>raccepta</span> <span class='ocrx_word' id='word_1_141' title='bbox 1242 2171 1282 2217; x_wconf 86' lang='lat' dir='ltr'>ex</span> 
     </span>
     <span class='ocr_line' id='line_1_22' title="bbox 165 2168 1280 2316; baseline 0.003 -16"><span class='ocrx_word' id='word_1_142' title='bbox 165 2235 288 2301; x_wconf 85' lang='lat' dir='ltr'>Tibulli</span> <span class='ocrx_word' id='word_1_143' title='bbox 301 2236 408 2302; x_wconf 85' lang='lat' dir='ltr'>verbis</span> <span class='ocrx_word' id='word_1_144' title='bbox 430 2237 498 2302; x_wconf 90' lang='lat' dir='ltr'>suis</span> <span class='ocrx_word' id='word_1_145' title='bbox 521 2236 756 2302; x_wconf 90' lang='lat' dir='ltr'>mutationibus</span> <span class='ocrx_word' id='word_1_146' title='bbox 777 2233 893 2315; x_wconf 85' lang='lat' dir='ltr'>effecit,</span> <span class='ocrx_word' id='word_1_147' title='bbox 915 2233 1007 2299; x_wconf 80' lang='lat' dir='ltr'>velut</span> <span class='ocrx_word' id='word_1_148' title='bbox 1027 2168 1066 2316; x_wconf 65' lang='lat' dir='ltr'>d,</span> <span class='ocrx_word' id='word_1_149' title='bbox 1094 2238 1121 2316; x_wconf 86' lang='lat'>1,</span> <span class='ocrx_word' id='word_1_150' title='bbox 1148 2235 1198 2316; x_wconf 84' lang='lat'>13,</span> <span class='ocrx_word' id='word_1_151' title='bbox 1222 2237 1280 2303; x_wconf 93' lang='lat' dir='ltr'>ubi</span> 
     </span>
     <span class='ocr_line' id='line_1_23' title="bbox 166 2317 1282 2407; baseline 0.003 -21"><span class='ocrx_word' id='word_1_152' title='bbox 166 2322 264 2388; x_wconf 89' lang='lat' dir='ltr'>verba</span> <span class='ocrx_word' id='word_1_153' title='bbox 287 2342 387 2407; x_wconf 89' lang='lat' dir='ltr'>„pura</span> <span class='ocrx_word' id='word_1_154' title='bbox 413 2342 487 2388; x_wconf 90' lang='lat' dir='ltr'>cum</span> <span class='ocrx_word' id='word_1_155' title='bbox 508 2324 599 2388; x_wconf 88' lang='lat' dir='ltr'>veste</span> <span class='ocrx_word' id='word_1_156' title='bbox 621 2317 750 2387; x_wconf 82' lang='lat' dir='ltr'>venitc“</span> <span class='ocrx_word' id='word_1_157' title='bbox 774 2321 809 2386; x_wconf 91' lang='lat' dir='ltr'>in</span> <span class='ocrx_word' id='word_1_158' title='bbox 833 2339 935 2405; x_wconf 86' lang='lat' dir='ltr'>„pura</span> <span class='ocrx_word' id='word_1_159' title='bbox 964 2340 1037 2387; x_wconf 90' lang='lat' dir='ltr'>oum</span> <span class='ocrx_word' id='word_1_160' title='bbox 1066 2325 1196 2388; x_wconf 86' lang='lat' dir='ltr'>mente</span> <span class='ocrx_word' id='word_1_161' title='bbox 1226 2343 1282 2390; x_wconf 89' lang='lat' dir='ltr'>va-</span> 
     </span>
     <span class='ocr_line' id='line_1_24' title="bbox 167 2405 1267 2475; baseline 0.004 -2"><span class='ocrx_word' id='word_1_162' title='bbox 167 2405 254 2474; x_wconf 86' lang='lat' dir='ltr'>nito“</span> <span class='ocrx_word' id='word_1_163' title='bbox 280 2409 430 2475; x_wconf 83' lang='lat' dir='ltr'>mutavit.</span> <span class='ocrx_word' id='word_1_164' title='bbox 1264 2448 1267 2453; x_wconf 93' lang='lat'><em>·</em></span> 
     </span>
     <span class='ocr_line' id='line_1_25' title="bbox 170 2487 1281 2579; baseline -0.002 -19"><span class='ocrx_word' id='word_1_165' title='bbox 170 2544 172 2551; x_wconf 70' lang='lat'>,</span> <span class='ocrx_word' id='word_1_166' title='bbox 251 2492 360 2561; x_wconf 90' lang='lat' dir='ltr'>Unum</span> <span class='ocrx_word' id='word_1_167' title='bbox 387 2495 524 2579; x_wconf 88' lang='lat' dir='ltr'>denique</span> <span class='ocrx_word' id='word_1_168' title='bbox 553 2490 739 2577; x_wconf 86' lang='lat' dir='ltr'>exemplum</span> <span class='ocrx_word' id='word_1_169' title='bbox 767 2487 864 2556; x_wconf 87' lang='lat' dir='ltr'>affero</span> <span class='ocrx_word' id='word_1_170' title='bbox 891 2512 1046 2558; x_wconf 88' lang='lat' dir='ltr'>versuum</span> <span class='ocrx_word' id='word_1_171' title='bbox 1072 2511 1136 2557; x_wconf 91' lang='lat' dir='ltr'>non</span> <span class='ocrx_word' id='word_1_172' title='bbox 1163 2493 1281 2558; x_wconf 91' lang='lat' dir='ltr'>immu-</span> 
     </span>
     <span class='ocr_line' id='line_1_26' title="bbox 165 2576 1281 2665; baseline -0.004 -20"><span class='ocrx_word' id='word_1_173' title='bbox 165 2583 309 2646; x_wconf 89' lang='lat' dir='ltr'>tatorum</span> <span class='ocrx_word' id='word_1_174' title='bbox 342 2581 398 2647; x_wconf 88' lang='lat' dir='ltr'>sed</span> <span class='ocrx_word' id='word_1_175' title='bbox 432 2600 565 2665; x_wconf 89' lang='lat' dir='ltr'>prorsus</span> <span class='ocrx_word' id='word_1_176' title='bbox 600 2579 804 2644; x_wconf 88' lang='lat' dir='ltr'>omissorum.</span> <span class='ocrx_word' id='word_1_177' title='bbox 848 2576 1030 2664; x_wconf 84' lang='lat' dir='ltr'>Exocrptor</span> <span class='ocrx_word' id='word_1_178' title='bbox 1062 2597 1177 2644; x_wconf 87' lang='lat' dir='ltr'>versus</span> <span class='ocrx_word' id='word_1_179' title='bbox 1203 2578 1227 2659; x_wconf 90' lang='grc'>1,</span> <span class='ocrx_word' id='word_1_180' title='bbox 1252 2579 1281 2660; x_wconf 87' lang='grc'>3,</span> 
     </span>
     <span class='ocr_line' id='line_1_27' title="bbox 166 2662 1280 2752; baseline 0 -23"><span class='ocrx_word' id='word_1_181' title='bbox 166 2667 303 2748; x_wconf 72' lang='lat'>59-72,</span> <span class='ocrx_word' id='word_1_182' title='bbox 326 2666 412 2752; x_wconf 89' lang='lat' dir='ltr'>quod</span> <span class='ocrx_word' id='word_1_183' title='bbox 434 2687 533 2752; x_wconf 89' lang='lat' dir='ltr'>supra</span> <span class='ocrx_word' id='word_1_184' title='bbox 554 2666 620 2731; x_wconf 91' lang='lat' dir='ltr'>iam</span> <span class='ocrx_word' id='word_1_185' title='bbox 643 2662 721 2743; x_wconf 89' lang='lat' dir='ltr'>dixi,</span> <span class='ocrx_word' id='word_1_186' title='bbox 744 2663 875 2748; x_wconf 89' lang='lat' dir='ltr'>recepit,</span> <span class='ocrx_word' id='word_1_187' title='bbox 897 2684 936 2730; x_wconf 91' lang='lat' dir='ltr'>ca</span> <span class='ocrx_word' id='word_1_188' title='bbox 957 2668 1066 2730; x_wconf 91' lang='lat' dir='ltr'>autem</span> <span class='ocrx_word' id='word_1_189' title='bbox 1086 2664 1186 2731; x_wconf 87' lang='lat' dir='ltr'>verbs</span> <span class='ocrx_word' id='word_1_190' title='bbox 1208 2665 1280 2748; x_wconf 90' lang='lat' dir='ltr'>qui-</span> 
     </span>
     <span class='ocr_line' id='line_1_28' title="bbox 167 2748 862 2838; baseline -0.007 -19"><span class='ocrx_word' id='word_1_191' title='bbox 167 2752 227 2819; x_wconf 91' lang='lat' dir='ltr'>bus</span> <span class='ocrx_word' id='word_1_192' title='bbox 249 2756 431 2819; x_wconf 90' lang='lat' dir='ltr'>amatorum</span> <span class='ocrx_word' id='word_1_193' title='bbox 452 2751 597 2838; x_wconf 91' lang='lat' dir='ltr'>praemia</span> <span class='ocrx_word' id='word_1_194' title='bbox 622 2748 862 2816; x_wconf 88' lang='lat' dir='ltr'>describuntur:</span> 
     </span>
    </p>
   </div>
   <div class='ocr_carea' id='block_1_6' title="bbox 316 2850 1170 3197">
    <p class='ocr_par' dir='ltr' id='par_1_11' title="bbox 317 2850 1102 3023">
     <span class='ocr_line' id='line_1_29' title="bbox 317 2850 1102 2935; baseline -0.005 -13"><span class='ocrx_word' id='word_1_195' title='bbox 317 2855 364 2922; x_wconf 85' lang='lat' dir='ltr'>At</span> <span class='ocrx_word' id='word_1_196' title='bbox 378 2854 531 2921; x_wconf 87' lang='lat' dir='ltr'>iuvenum</span> <span class='ocrx_word' id='word_1_197' title='bbox 548 2853 646 2920; x_wconf 86' lang='lat' dir='ltr'>series</span> <span class='ocrx_word' id='word_1_198' title='bbox 669 2852 789 2918; x_wconf 90' lang='lat' dir='ltr'>teneris</span> <span class='ocrx_word' id='word_1_199' title='bbox 811 2850 962 2918; x_wconf 90' lang='lat' dir='ltr'>immixta</span> <span class='ocrx_word' id='word_1_200' title='bbox 983 2851 1102 2935; x_wconf 91' lang='lat' dir='ltr'>puellis</span> 
     </span>
     <span class='ocr_line' id='line_1_30' title="bbox 351 2938 1085 3023; baseline -0.004 -18"><span class='ocrx_word' id='word_1_201' title='bbox 351 2938 465 3019; x_wconf 87' lang='lat' dir='ltr'>ludit,</span> <span class='ocrx_word' id='word_1_202' title='bbox 488 2943 521 3006; x_wconf 87' lang='lat' dir='ltr'>et</span> <span class='ocrx_word' id='word_1_203' title='bbox 543 2939 671 3006; x_wconf 88' lang='lat' dir='ltr'>assidue</span> <span class='ocrx_word' id='word_1_204' title='bbox 693 2938 816 3023; x_wconf 88' lang='lat' dir='ltr'>proclia</span> <span class='ocrx_word' id='word_1_205' title='bbox 836 2939 952 3005; x_wconf 88' lang='lat' dir='ltr'>miscet</span> <span class='ocrx_word' id='word_1_206' title='bbox 973 2938 1085 3004; x_wconf 87' lang='lat' dir='ltr'>Amor.</span> 
     </span>
    </p>

    <p class='ocr_par' dir='ltr' id='par_1_12' title="bbox 316 3024 1170 3197">
     <span class='ocr_line' id='line_1_31' title="bbox 316 3024 1170 3110; baseline -0.005 -18"><span class='ocrx_word' id='word_1_207' title='bbox 316 3026 386 3093; x_wconf 89' lang='lat' dir='ltr'>lllio</span> <span class='ocrx_word' id='word_1_208' title='bbox 408 3030 468 3107; x_wconf 87' lang='lat' dir='ltr'>cst,</span> <span class='ocrx_word' id='word_1_209' title='bbox 491 3027 685 3108; x_wconf 89' lang='lat' dir='ltr'>cuicumque</span> <span class='ocrx_word' id='word_1_210' title='bbox 707 3044 809 3110; x_wconf 89' lang='lat' dir='ltr'>rapax</span> <span class='ocrx_word' id='word_1_211' title='bbox 830 3044 917 3090; x_wconf 90' lang='lat' dir='ltr'>mors</span> <span class='ocrx_word' id='word_1_212' title='bbox 939 3024 1028 3090; x_wconf 88' lang='lat' dir='ltr'>venit</span> <span class='ocrx_word' id='word_1_213' title='bbox 1049 3024 1170 3090; x_wconf 89' lang='lat' dir='ltr'>amanti</span> 
     </span>
     <span class='ocr_line' id='line_1_32' title="bbox 370 3112 1029 3197; baseline -0.005 -19"><span class='ocrx_word' id='word_1_214' title='bbox 370 3116 403 3178; x_wconf 94' lang='lat' dir='ltr'>et</span> <span class='ocrx_word' id='word_1_215' title='bbox 424 3112 508 3196; x_wconf 84' lang='lat' dir='ltr'>gerit</span> <span class='ocrx_word' id='word_1_216' title='bbox 529 3112 798 3197; x_wconf 53' lang='lat' dir='ltr'>insigni‘myrtea</span> <span class='ocrx_word' id='word_1_217' title='bbox 820 3114 906 3176; x_wconf 89' lang='lat' dir='ltr'>serta</span> <span class='ocrx_word' id='word_1_218' title='bbox 927 3130 1029 3191; x_wconf 87' lang='lat' dir='ltr'>coma,</span> 
     </span>
    </p>
   </div>
   <div class='ocr_carea' id='block_1_7' title="bbox 163 3210 1279 4075">
    <p class='ocr_par' dir='ltr' id='par_1_13' title="bbox 165 3210 1279 3453">
     <span class='ocr_line' id='line_1_33' title="bbox 165 3210 1279 3300; baseline -0.003 -20"><span class='ocrx_word' id='word_1_219' title='bbox 165 3215 255 3297; x_wconf 89' lang='lat' dir='ltr'>haec,</span> <span class='ocrx_word' id='word_1_220' title='bbox 288 3216 431 3299; x_wconf 89' lang='lat' dir='ltr'>inquam,</span> <span class='ocrx_word' id='word_1_221' title='bbox 464 3217 565 3283; x_wconf 85' lang='lat' dir='ltr'>verba</span> <span class='ocrx_word' id='word_1_222' title='bbox 596 3233 729 3300; x_wconf 91' lang='lat' dir='ltr'>prorsus</span> <span class='ocrx_word' id='word_1_223' title='bbox 758 3214 878 3293; x_wconf 88' lang='lat' dir='ltr'>omisit,</span> <span class='ocrx_word' id='word_1_224' title='bbox 909 3212 1065 3278; x_wconf 90' lang='lat' dir='ltr'>nimirum</span> <span class='ocrx_word' id='word_1_225' title='bbox 1087 3212 1128 3278; x_wconf 94' lang='lat' dir='ltr'>ob</span> <span class='ocrx_word' id='word_1_226' title='bbox 1154 3210 1279 3278; x_wconf 91' lang='lat' dir='ltr'>nnllam</span> 
     </span>
     <span class='ocr_line' id='line_1_34' title="bbox 165 3296 1278 3453; baseline -0.003 -87"><span class='ocrx_word' id='word_1_227' title='bbox 165 3301 263 3453; x_wconf 56' lang='grc'><strong>3111111</strong></span> <span class='ocrx_word' id='word_1_228' title='bbox 286 3321 417 3367; x_wconf 88' lang='lat' dir='ltr'>causam</span> <span class='ocrx_word' id='word_1_229' title='bbox 438 3302 503 3369; x_wconf 89' lang='lat' dir='ltr'>nisi</span> <span class='ocrx_word' id='word_1_230' title='bbox 525 3320 589 3386; x_wconf 89' lang='lat' dir='ltr'>qua</span> <span class='ocrx_word' id='word_1_231' title='bbox 611 3300 728 3367; x_wconf 92' lang='lat' dir='ltr'>ductus</span> <span class='ocrx_word' id='word_1_232' title='bbox 751 3320 850 3386; x_wconf 89' lang='lat' dir='ltr'>supra</span> <span class='ocrx_word' id='word_1_233' title='bbox 870 3317 929 3382; x_wconf 92' lang='lat' dir='ltr'>pro</span> <span class='ocrx_word' id='word_1_234' title='bbox 945 3296 1071 3364; x_wconf 89' lang='lat' dir='ltr'>Venere</span> <span class='ocrx_word' id='word_1_235' title='bbox 1094 3317 1207 3383; x_wconf 89' lang='lat' dir='ltr'>pacem</span> <span class='ocrx_word' id='word_1_236' title='bbox 1229 3298 1278 3364; x_wconf 94' lang='lat' dir='ltr'>in-</span> 
     </span>
     <span class='ocr_line' id='line_1_35' title="bbox 187 3387 267 3453; baseline -0.025 0"><span class='ocrx_word' id='word_1_237' title='bbox 187 3387 267 3453; x_wconf 88' lang='lat' dir='ltr'>uxit.</span> 
     </span>
    </p>

    <p class='ocr_par' dir='ltr' id='par_1_14' title="bbox 163 3469 1279 4075">
     <span class='ocr_line' id='line_1_36' title="bbox 253 3469 1279 3558; baseline -0.004 -18"><span class='ocrx_word' id='word_1_238' title='bbox 253 3471 340 3540; x_wconf 83' lang='lat' dir='ltr'>Satis</span> <span class='ocrx_word' id='word_1_239' title='bbox 367 3472 469 3538; x_wconf 88' lang='lat' dir='ltr'>multa</span> <span class='ocrx_word' id='word_1_240' title='bbox 493 3472 560 3538; x_wconf 88' lang='lat' dir='ltr'>iam</span> <span class='ocrx_word' id='word_1_241' title='bbox 587 3472 735 3558; x_wconf 85' lang='lat' dir='ltr'>exempla</span> <span class='ocrx_word' id='word_1_242' title='bbox 760 3471 856 3538; x_wconf 91' lang='lat' dir='ltr'>attuli</span> <span class='ocrx_word' id='word_1_243' title='bbox 881 3472 920 3535; x_wconf 91' lang='lat' dir='ltr'>ut</span> <span class='ocrx_word' id='word_1_244' title='bbox 945 3469 1056 3552; x_wconf 89' lang='lat' dir='ltr'>quales</span> <span class='ocrx_word' id='word_1_245' title='bbox 1081 3471 1279 3537; x_wconf 89' lang='lat' dir='ltr'>mutationes</span> 
     </span>
     <span class='ocr_line' id='line_1_37' title="bbox 164 3554 1279 3644; baseline -0.002 -19"><span class='ocrx_word' id='word_1_246' title='bbox 164 3560 199 3625; x_wconf 94' lang='lat' dir='ltr'>in</span> <span class='ocrx_word' id='word_1_247' title='bbox 214 3560 376 3643; x_wconf 85' lang='lat' dir='ltr'>excerptis</span> <span class='ocrx_word' id='word_1_248' title='bbox 392 3561 561 3624; x_wconf 88' lang='lat' dir='ltr'>occurrant</span> <span class='ocrx_word' id='word_1_249' title='bbox 575 3558 716 3644; x_wconf 87' lang='lat' dir='ltr'>perspici</span> <span class='ocrx_word' id='word_1_250' title='bbox 730 3558 843 3643; x_wconf 86' lang='lat' dir='ltr'>possit.</span> <span class='ocrx_word' id='word_1_251' title='bbox 887 3554 998 3622; x_wconf 83' lang='lat' dir='ltr'>Facile</span> <span class='ocrx_word' id='word_1_252' title='bbox 1018 3561 1127 3623; x_wconf 89' lang='lat' dir='ltr'>autem</span> <span class='ocrx_word' id='word_1_253' title='bbox 1142 3560 1279 3640; x_wconf 90' lang='lat' dir='ltr'>quatuor</span> 
     </span>
     <span class='ocr_line' id='line_1_38' title="bbox 164 3641 1279 3729; baseline -0.003 -18"><span class='ocrx_word' id='word_1_254' title='bbox 164 3646 378 3712; x_wconf 88' lang='lat' dir='ltr'>mutationum</span> <span class='ocrx_word' id='word_1_255' title='bbox 396 3665 512 3729; x_wconf 81' lang='lat' dir='ltr'>genera</span> <span class='ocrx_word' id='word_1_256' title='bbox 525 3644 611 3710; x_wconf 88' lang='lat' dir='ltr'>inter</span> <span class='ocrx_word' id='word_1_257' title='bbox 626 3664 661 3710; x_wconf 89' lang='lat' dir='ltr'>se</span> <span class='ocrx_word' id='word_1_258' title='bbox 678 3643 913 3709; x_wconf 86' lang='lat' dir='ltr'>discernuntur.</span> <span class='ocrx_word' id='word_1_259' title='bbox 955 3641 1101 3708; x_wconf 88' lang='lat' dir='ltr'>Primum</span> <span class='ocrx_word' id='word_1_260' title='bbox 1116 3663 1181 3708; x_wconf 91' lang='lat' dir='ltr'>non</span> <span class='ocrx_word' id='word_1_261' title='bbox 1196 3642 1279 3708; x_wconf 89' lang='lat' dir='ltr'>nulli</span> 
     </span>
     <span class='ocr_line' id='line_1_39' title="bbox 163 3728 1279 3797; baseline -0.003 0"><span class='ocrx_word' id='word_1_262' title='bbox 163 3732 226 3797; x_wconf 91' lang='lat' dir='ltr'>loci</span> <span class='ocrx_word' id='word_1_263' title='bbox 237 3732 420 3797; x_wconf 90' lang='lat' dir='ltr'>necessario</span> <span class='ocrx_word' id='word_1_264' title='bbox 432 3730 627 3797; x_wconf 90' lang='lat' dir='ltr'>immutandi</span> <span class='ocrx_word' id='word_1_265' title='bbox 638 3733 730 3795; x_wconf 91' lang='lat' dir='ltr'>erant</span> <span class='ocrx_word' id='word_1_266' title='bbox 744 3749 817 3795; x_wconf 86' lang='lat' dir='ltr'>cum</span> <span class='ocrx_word' id='word_1_267' title='bbox 829 3749 868 3794; x_wconf 89' lang='lat' dir='ltr'>ex</span> <span class='ocrx_word' id='word_1_268' title='bbox 884 3728 1119 3795; x_wconf 87' lang='lat' dir='ltr'>sententiarum</span> <span class='ocrx_word' id='word_1_269' title='bbox 1130 3748 1279 3794; x_wconf 90' lang='lat' dir='ltr'>connexu</span> 
     </span>
     <span class='ocr_line' id='line_1_40' title="bbox 164 3813 1278 3901; baseline -0.003 -18"><span class='ocrx_word' id='word_1_270' title='bbox 164 3818 374 3900; x_wconf 89' lang='lat' dir='ltr'>solverentur,</span> <span class='ocrx_word' id='word_1_271' title='bbox 391 3818 470 3901; x_wconf 91' lang='lat' dir='ltr'>quia</span> <span class='ocrx_word' id='word_1_272' title='bbox 489 3820 546 3882; x_wconf 89' lang='lat' dir='ltr'>aut</span> <span class='ocrx_word' id='word_1_273' title='bbox 565 3819 653 3881; x_wconf 91' lang='lat' dir='ltr'>certo</span> <span class='ocrx_word' id='word_1_274' title='bbox 674 3815 783 3898; x_wconf 89' lang='lat' dir='ltr'>aliquo</span> <span class='ocrx_word' id='word_1_275' title='bbox 798 3814 897 3882; x_wconf 91' lang='lat' dir='ltr'>verbo</span> <span class='ocrx_word' id='word_1_276' title='bbox 918 3835 991 3882; x_wconf 94' lang='lat' dir='ltr'>cum</span> <span class='ocrx_word' id='word_1_277' title='bbox 1012 3813 1278 3880; x_wconf 88' lang='lat' dir='ltr'>antecedentibus</span> 
     </span>
     <span class='ocr_line' id='line_1_41' title="bbox 165 3900 1278 3984; baseline -0.002 -15"><span class='ocrx_word' id='word_1_278' title='bbox 165 3902 380 3970; x_wconf 88' lang='lat' dir='ltr'>cohaerebant</span> <span class='ocrx_word' id='word_1_279' title='bbox 401 3902 478 3984; x_wconf 89' lang='lat' dir='ltr'>(hoc</span> <span class='ocrx_word' id='word_1_280' title='bbox 493 3900 580 3968; x_wconf 91' lang='lat' dir='ltr'>cadit</span> <span class='ocrx_word' id='word_1_281' title='bbox 594 3902 627 3967; x_wconf 95' lang='lat' dir='ltr'>in</span> <span class='ocrx_word' id='word_1_282' title='bbox 643 3901 701 3966; x_wconf 92' lang='lat' dir='ltr'>hos</span> <span class='ocrx_word' id='word_1_283' title='bbox 716 3901 820 3967; x_wconf 78' lang='lat' dir='ltr'>locost</span> <span class='ocrx_word' id='word_1_284' title='bbox 843 3900 867 3984; x_wconf 95' lang='grc' dir='ltr'>Ι,</span> <span class='ocrx_word' id='word_1_285' title='bbox 884 3903 914 3984; x_wconf 76' lang='grc'>2,</span> <span class='ocrx_word' id='word_1_286' title='bbox 930 3903 970 3967; x_wconf 78' lang='lat'>87</span> <span class='ocrx_word' id='word_1_287' title='bbox 978 3923 987 3983; x_wconf 83' lang='lat'>3</span> <span class='ocrx_word' id='word_1_288' title='bbox 1003 3901 1034 3984; x_wconf 89' lang='grc'>3,</span> <span class='ocrx_word' id='word_1_289' title='bbox 1045 3900 1101 3982; x_wconf 86' lang='grc'>83;</span> <span class='ocrx_word' id='word_1_290' title='bbox 1117 3901 1148 3981; x_wconf 90' lang='grc'>6,</span> <span class='ocrx_word' id='word_1_291' title='bbox 1161 3901 1216 3982; x_wconf 81' lang='lat'>753</span> <span class='ocrx_word' id='word_1_292' title='bbox 1238 3900 1278 3983; x_wconf 87' lang='lat' dir='ltr'>ll,</span> 
     </span>
     <span class='ocr_line' id='line_1_42' title="bbox 167 3982 1278 4075; baseline 0.001 -23"><span class='ocrx_word' id='word_1_293' title='bbox 167 3993 194 4073; x_wconf 85' lang='lat'>1,</span> <span class='ocrx_word' id='word_1_294' title='bbox 206 3990 264 4072; x_wconf 81' lang='lat'>893</span> <span class='ocrx_word' id='word_1_295' title='bbox 280 3990 380 4072; x_wconf 77' lang='lat' dir='ltr'>a,13;</span> <span class='ocrx_word' id='word_1_296' title='bbox 396 3991 428 4071; x_wconf 83' lang='lat'>4,</span> <span class='ocrx_word' id='word_1_297' title='bbox 442 3988 482 4050; x_wconf 73' lang='lat'>29</span> <span class='ocrx_word' id='word_1_298' title='bbox 499 3983 855 4072; x_wconf 86' lang='lat' dir='ltr'>[„praebet-pretiosa“</span> <span class='ocrx_word' id='word_1_299' title='bbox 872 4007 931 4075; x_wconf 92' lang='lat' dir='ltr'>pro</span> <span class='ocrx_word' id='word_1_300' title='bbox 949 3986 1022 4069; x_wconf 84' lang='lat' dir='ltr'>,hio</span> <span class='ocrx_word' id='word_1_301' title='bbox 1033 3986 1151 4054; x_wconf 86' lang='lat' dir='ltr'>dat-st</span> <span class='ocrx_word' id='word_1_302' title='bbox 1161 3982 1278 4070; x_wconf 83' lang='lat' dir='ltr'>Ooa“];</span> 
     </span>
    </p>
   </div>
   <div class='ocr_carea' id='block_1_8' title="bbox 0 0 1498 4564">
    <p class='ocr_par' dir='ltr' id='par_1_15' title="bbox 0 0 1498 4564">
     <span class='ocr_line' id='line_1_43' title="bbox 0 0 1498 4564; baseline 0 1"><span class='ocrx_word' id='word_1_303' title='bbox 0 0 1498 4564; x_wconf 95' lang='lat' dir='ltr'> </span> 
     </span>
    </p>
   </div>
  </div>
 </body>
</html>
