2988 4564
612 226 826 291 ..43-

313 412 379 480 Sed
401 415 543 499 primum
564 413 717 480 meritam
738 413 969 496 largadcnate
992 413 1110 497 salute,

159 500 246 653 gued
268 520 465 586 quemqnam
486 520 527 566 ne
549 499 632 565 mihi
659 499 793 586 quidem
814 500 909 567 valde
930 500 1039 584 placet
1059 505 1169 567 tamen
1190 497 1277 586 Lyg-

182 607 253 653 amc
281 588 351 653 sine
386 587 454 652 nlle
487 585 687 653 dubitatione
719 582 822 652 tribui
853 590 971 671 petest.
1026 584 1133 654 Simul
1165 589 1277 653 autem

159 676 293 758 apparet
325 693 423 758 quam
449 671 545 739 facile
572 673 725 740 librarius
756 673 901 758 potnerit
933 672 995 739 hcc
1027 673 1126 740 verbe
1159 670 1278 740 offendi

157 759 255 843 idque
288 763 414 826 mutare
438 761 472 826 in
497 757 642 842 „longa“,
676 758 763 845 qnod
796 758 927 827 exhibet
949 758 974 825 Ο
997 764 1031 828 et
1063 760 1213 846 plerique
1243 758 1277 825 in

157 849 287 912 textum
308 849 511 930 receperunt.

244 930 299 1014 lv,
326 935 355 1014 1,
377 933 417 996 27
439 932 473 1001 A
494 935 527 1001 et
548 929 574 998 O
595 930 758 1039 stribnnt:

242 1062 246 1068 -
419 1080 426 1093 ,
765 1016 868 1085 Omne
889 1037 1046 1086 vovemus

308 1103 371 1170 hcc
391 1102 463 1185 tibi,
485 1122 526 1169 ne
548 1106 640 1170 tento
663 1107 771 1170 cureat
791 1104 873 1170 mihi
895 1106 1025 1171 nomine
1048 1108 1147 1185 carte,

159 1189 245 1275 qued
277 1209 341 1275 que
373 1190 481 1255 minus
514 1190 580 1256 reci
604 1190 711 1256 iamus
745 1210 783 1257 ee
817 1190 903 1275 qued
924 1190 952 1256 Β
975 1210 1046 1276 pre·
1059 1189 1138 1274 „ne“
1176 1186 1274 1273 „nee“

158 1277 291 1343 exhibet
314 1275 467 1361 impediri
490 1296 555 1342 nen
577 1211 743 1344 debemus.

243 1361 298 1444 IV,
323 1364 352 1445 5,
377 1363 414 1425 11
449 1381 512 1427 non
534 1362 630 1429 video
652 1382 750 1447 quam
780 1363 821 1430 eb
855 1384 925 1431 rem
958 1383 978 1430 e
1005 1362 1170 1450 plerisque
1198 1359 1277 1427 viris

159 1451 263 1518 doctis
285 1447 504 1516 coniunctius:

311 1534 405 1612 Quod
428 1534 457 1599 si
478 1534 562 1601 forte
583 1532 665 1601 ahos
686 1535 753 1601 iam
773 1555 860 1602 nunc
881 1536 1024 1620 suspiret
1046 1553 1183 1616 amores,

159 1641 256 1707 quem
278 1621 309 1687 Α
332 1626 364 1688 et
385 1619 412 1686 Β
436 1620 589 1687 exhibent
609 1621 807 1688 indicativus
829 1624 864 1688 in
890 1623 959 1689 sele
976 1620 1158 1689 Otraditus
1181 1639 1276 1705 prae·

157 1709 295 1789 feretum
316 1709 416 1773 imme
439 1707 520 1773 mihi
533 1706 664 1773 videtur
689 1708 914 1775 coniunctivus
930 1710 1028 1795 paule
1050 1708 1156 1794 aptior
1177 1706 1277 1772 etiam

158 1813 238 1861 esse.
306 1793 369 1872 Qui
405 1793 492 1859 enim
527 1794 624 1877 paulo
661 1795 817 1861 attentius
854 1796 915 1862 hcc
954 1814 1083 1862 carmen
1129 1793 1279 1880 perleget

158 1901 232 1947 eum
260 1881 373 1962 ingere
396 1899 459 1944 nen
482 1884 590 1962 potest
612 1879 777 1947 Tibullum
809 1881 863 1948 hie
896 1882 1016 1965 insigni
1048 1884 1118 1947 arte
1148 1879 1277 1966 puellae

158 1964 292 2066 eftectus
326 1965 512 2050 depingere,
542 1985 624 2050 quae
646 1964 790 2067 cerinthi
825 1987 902 2050 erga
935 1987 972 2068 se
1002 1986 1147 2033 amorem
1173 1965 1278 2067 multe

157 2051 468 2224 tibitibi
481 2053 1057 2215 iliiqiiibiiffllduiigiaiiii
1080 2056 1279 2224 littei}

159 2228 305 2292 extrema
335 2224 487 2290 carminis
516 2229 620 2309 perte,
653 2244 758 2309 neque
786 2223 939 2292 audiendi
965 2227 1042 2291 sunt
1063 2223 1220 2292 Dissenns
1247 2227 1280 2289 et

160 2310 327 2396 Gruppius
336 2307 373 2391 ¹),
396 2311 452 2394 qni
481 2330 520 2376 ex
542 2311 608 2377 illis
630 2309 776 2377 versibus
799 2332 834 2377 re
856 2331 935 2378 vera
955 2311 1153 2378 timidiorem
1176 2312 1278 2377 fnisse

159 2400 310 2464 invenem
325 2397 477 2462 efficiunt.
516 2394 571 2463 Sic
594 2397 623 2463 si
643 2401 729 2463 reete
751 2395 914 2482 Sulpiciae
931 2402 1073 2464 mentem
1092 2397 1279 2482 accipimus,

160 2488 296 2569 apparet
322 2483 574 2564 coniunctium,
601 2501 664 2566 qne
686 2482 775 2550 idem
797 2482 1000 2551 dubitantius
1022 2483 1153 2565 dieitur,
1180 2482 1279 2568 paule

161 2591 181 2636 a
202 2571 319 2635 tierem
341 2589 421 2636 esse.

182 2592 201 2655 p
245 2654 300 2737 IV,
326 2656 375 2736 13,
400 2656 418 2718 3
442 2655 615 2721 verberum
637 2653 817 2737 collocatio,
846 2675 944 2740 qnam
968 2655 1122 2722 exhibent
1143 2653 1175 2720 Α
1197 2652 1278 2720 ete

161 2762 247 2895 „an
256 2747 288 2808 te
302 2741 369 2842 iam
383 2738 545 2892 prae-ter}
565 2741 704 2892 iclrrtssste
717 2742 795 2892 iezri
809 2746 933 2826 petest3
955 2742 1008 2810 sin
1023 2743 1142 2822 minus,
1164 2760 1279 2808 verum

160 2850 180 2895 a
213 2847 496 2894 1rer10mvemr1
532 2846 775 2913 ac1ep0era.

245 2912 300 2998 IV,
326 2914 376 2995 13,
401 2915 440 2976 15
464 2913 611 2979 scribunt
634 2913 789 2980 editores:

311 2998 402 3067 Haec
423 2998 486 3064 tibi
508 3002 620 3065 sancta
640 3002 716 3066 tuae
739 2999 876 3077 Jnncnis
898 2999 1033 3065 numina
1054 2998 1136 3066 iuro.

161 3082 293 3168 ‚,Haec“
322 3087 357 3151 in
384 3085 474 3151 nulle
500 3084 700 3152 Lachmanni
726 3086 835 3152 codice
868 3086 1025 3151 traditum
1052 3088 1113 3167 est,
1148 3087 1279 3151 secutus

161 3176 270 3238 autem
294 3172 351 3236 ille
378 3175 429 3237 est
456 3172 489 3236 in
516 3171 577 3238 hae
604 3192 639 3238 re
665 3171 787 3239 codicis
810 3171 842 3247 Α
862 3171 1035 3238 lectionem
1057 3168 1168 3253 „nec“,
1196 3189 1279 3255 quae

161 3258 351 3342 saepissime
385 3277 426 3322 ex
460 3256 581 3338 ‚,haee“
615 3262 685 3324 orta
713 3263 772 3325 est.
821 3256 908 3324 Bet
934 3256 960 3324 G
986 3260 1097 3322 autem
1125 3257 1281 3323 exhibent

161 3342 276 3426 „huc“,
299 3342 387 3429 quod
409 3362 473 3428 quc
496 3344 566 3410 iure
589 3349 761 3428 spernatur
780 3363 846 3415 nen
868 3340 974 3410 video.
1012 3341 1113 3409 Nulla
1135 3343 1223 3409 enim
1244 3361 1280 3407 re

160 3430 359 3518 impedimur
379 3449 443 3513 quc
464 3431 573 3496 minus
595 3430 657 3496 hcc
678 3430 777 3496 verbe
799 3428 835 3495 id
853 3432 982 3495 tantum
997 3429 1172 3512 significari
1187 3432 1279 3512 pute·

161 3537 234 3584 mus
258 3515 345 3601 quod
366 3516 513 3600 proxime
536 3516 674 3583 disticho
696 3515 822 3581 dictum
844 3520 908 3581 est:

314 3601 410 3668 Nunc
433 3602 513 3670 lieet
536 3623 553 3669 e
576 3603 665 3668 caele
689 3601 838 3667 mittetur
860 3601 965 3667 amice
986 3600 1127 3683 Tibullo,

365 3688 514 3755 mittetur
534 3690 666 3769 frustra,
691 3686 882 3772 deficietque
905 3686 1026 3756 Venus.

251 3961 270 4031 ¹)
289 3964 355 4031 „Die
372 3963 501 4016 rdmische
517 3960 625 4031 Elegie“
642 3962 664 4030 l,
682 3977 746 4033 pag.
764 3961 807 4016 36.
