2988 4564
643 271 834 334 ,2-

180 451 388 518 traditionem
419 453 575 537 praebere
608 456 811 523 videbantur.
862 457 949 525 Usus
975 463 1082 526 autem
1112 467 1162 528 est
1191 464 1297 548 primo

179 538 250 604 loco
267 539 376 605 codice
391 538 588 607 Eboraoensi
604 539 674 624 (A),
699 564 781 609 anno
799 546 881 608 1425
905 545 1036 631 scripto,
1059 548 1152 613 11111
1168 549 1297 615 collatio

179 646 200 691 a
227 623 360 691 Nicolao
388 624 524 692 Heinsio
559 629 704 694 coniecta
731 631 760 696 ei
786 634 915 715 praesto
945 635 1023 713 erat,
1059 634 1199 700 secundo
1225 636 1297 702 loeo

180 711 289 777 codice
304 711 482 778 Parisicnsi
497 710 555 794 (B)
578 716 766 797 anni1423,
789 718 883 783 cuius
906 719 1084 803 scripturas
1108 741 1148 787 ex
1164 720 1298 788 Disseni
1405 742 1410 749 ·

180 803 212 864 11
233 796 398 865 Huschkii
423 803 665 867 commentariis
687 803 791 886 petiit.
837 803 1008 871 Praeterea
1034 811 1100 872 tres
1123 807 1223 874 libros
1245 828 1297 874 rc-

180 884 382 961 cantissimos
409 884 568 967 adhibuit,
593 887 785 954 Wittianum
813 886 871 971 (c),
900 890 1066 957 Datanum
1095 890 1158 976 (d),
1189 894 1297 961 Aske-

179 971 317 1036 wianum
334 969 393 1053 (e),
416 991 553 1054 quorum
569 993 760 1041 consensum
775 975 870 1041 litera
885 975 909 1042 C
925 980 1059 1043 notavit.
1096 979 1132 1045 ln
1147 980 1297 1063 exiguam

179 1057 300 1123 Tibulli
327 1059 505 1123 carminum
534 1063 660 1143 partem
687 1062 737 1126 uti
764 1062 864 1127 ctiam
890 1066 1018 1146 poterat
1039 1065 1081 1130 iis
1104 1066 1297 1133 lectionibus

179 1164 260 1228 quas
287 1142 432 1226 Scaliger
458 1165 475 1209 1
501 1147 725 1213 vetustissimo
751 1150 932 1229 fragmento
956 1149 1130 1217 (luiaciano
1153 1150 1211 1233 (F)
1240 1173 1297 1218 ex-

179 1235 352 1314 cerpserat,
368 1250 473 1314 noque
489 1232 597 1297 minus
612 1238 766 1318 excerpta
781 1234 974 1317 Tibulliana,
991 1256 1074 1321 quae
1092 1259 1111 1303 a
1126 1238 1297 1304 Vincentio

178 1316 401 1382 Bellovaoensi
429 1321 463 1382 11
485 1315 646 1401 Scaligero
673 1325 785 1403 petere
807 1324 944 1404 poterat,
962 1323 1129 1389 adhibuit.
1174 1323 1297 1390 Ultimo

177 1403 247 1470 loco
274 1407 504 1469 commemorat
526 1403 692 1471 Francisoi
716 1407 826 1473 Puccii
853 1408 1010 1475 lectiones
1038 1410 1227 1474 11111502
1255 1409 1297 1475 ad

178 1490 343 1574 exemplar
366 1489 516 1556 editionis
538 1490 708 1573 Regiensis
731 1493 899 1560 adnotatas
919 1493 984 1576 (P),
1001 1514 1081 1579 quas
1104 1516 1145 1561 cx
1166 1498 1296 1561 vetusto

179 1576 288 1642 codice
321 1575 457 1641 haustas
491 1596 561 1641 esse
590 1579 661 1643 veri
687 1579 792 1645 simile
820 1579 966 1663 putabat.
1017 1580 1125 1647 Facile
1153 1602 1172 1647 a
1217 1584 1295 1659 aret,

178 1682 282 1746 neque
304 1662 365 1727 hoc
387 1661 630 1729 Laehmannum
652 1665 747 1747 fugit,
774 1665 825 1731 his
853 1666 1008 1732 subsidiis
1032 1670 1156 1732 certum
1202 1666 1296 1733 ibulli

177 1751 306 1815 textum
333 1749 488 1814 constitui
514 1769 578 1815 non
605 1771 710 1835 posse,
738 1771 873 1835 eamque
900 1757 1009 1819 textus
1036 1753 1179 1818 formam·
1199 1772 1296 1837 quam

177 1835 431 1901 vetustissimam
468 1855 509 1900 ex
543 1835 621 1902 solis
655 1837 706 1904 his
739 1839 935 1904 testimoniis
969 1840 1118 1904 accurate
1152 1840 1238 1913 iuter
1261 1859 1296 1906 se

178 1922 373 2007 comparatis
396 1924 430 1987 et
449 1924 617 2005 perpensis
640 1924 767 1990 efficere
791 1928 920 2007 poterat
941 1929 975 1989 et
996 1944 1031 1989 rc
1053 1943 1130 1989 vera
1146 1924 1254 1991 effecit
1277 1946 1297 1991 a
1408 1951 1410 1956 ·

177 2029 255 2074 vera
276 2011 390 2092 poetae
411 2028 511 2073 manu
525 2009 618 2090 longe
635 2015 791 2076 remotam
807 2030 888 2075 1111.
925 2008 1060 2075 Codices
1076 2012 1162 2076 enim
1177 2011 1295 2095 quibus

177 2116 257 2161 usus
290 2097 342 2160 111
373 2114 486 2160 11111
515 2094 558 2160 111
591 2096 793 2180 temporibus
820 2096 934 2180 scripti
962 2101 1038 2162 sunt
1064 2097 1182 2180 quibus
1210 2097 1296 2164 docti

176 2181 251 2247 Itali
277 2184 426 2246 veterum
451 2185 620 2266 poctarum
647 2184 755 2249 textus
781 2201 846 2247 non
873 2181 1013 2248 fideliter
1037 2202 1214 2267 propagare
1237 2184 1296 2251 sed

177 2288 195 2334 1
219 2289 277 2335 111
300 2268 428 2350 ingenio
450 2269 624 2334 immutare
648 2267 805 2341 solebant.

263 2353 421 2421 Videmus
444 2355 544 2437 igitur
565 2353 808 2420 Laehmannum
826 2373 885 2438 per
899 2357 1004 2420 toturn
1020 2355 1185 2421 Tibullum
1199 2377 1295 2422 usum

177 2461 247 2508 esse
274 2440 441 2507 codicibus
469 2440 641 2506 admodum
670 2440 865 2519 meantibus,
898 2441 932 2506 in
959 2442 1156 2508 nonnullos
1184 2448 1295 2508 autem

177 2527 297 2593 Tibulli
319 2527 405 2592 locos
429 2547 446 2592 1
469 2526 613 2592 fontibus
627 2526 749 2592 nostris
763 2526 929 2593 codicibus
944 2527 1046 2593 multo
1061 2529 1295 2595 vetustioribus

176 2614 306 2680 haurire
329 2615 486 2698 potuisse.
520 2613 633 2696 ltaque
657 2612 699 2678 iis
722 2612 779 2695 qui
794 2617 868 2697 post
882 2612 1125 2679 Laehmannum
1148 2615 1295 2680 subsidia

176 2700 289 2766 critica
322 2699 363 2765 ad
390 2699 509 2765 Tibulli
542 2698 685 2764 carmina
717 2719 834 2780 augere
868 2699 1044 2766 studebant
1070 2699 1105 2765 id
1131 2699 1292 2780 agendum

177 2791 246 2853 erat
267 2790 305 2851 ut
327 2789 384 2851 aut
406 2785 605 2852 Lachmanni
631 2784 840 2851 1111111111
868 2789 993 2852 servato
1015 2787 1121 2851 fontes
1143 2784 1217 2852 11111
1239 2805 1294 2851 ve·

175 2873 330 2939 11111111
352 2871 534 2938 accuratius
556 2874 839 2956 perscrutarentur
865 2876 921 2937 aut
942 2872 1037 2953 longe
1058 2871 1293 2938 vetustioribus

176 2962 208 3024 et
222 2958 411 3024 melioribus
426 2957 593 3024 codicibus
609 2956 716 3022 allatis
731 2961 835 3024 totum
848 2956 1126 3023 Lachmannianae
1142 2956 1293 3024 editionis

175 3045 422 3111 fundamentum
438 3047 583 3109 evertere
599 3047 800 3110 conarentur.
825 3044 966 3121 Quorum
983 3047 1157 3127 utrumque
1171 3045 1294 3109 lactum

176 3135 234 3197 est.
279 3130 330 3196 Ac
351 3130 493 3215 primum
516 3130 648 3212 quidem
672 3150 736 3196 non
757 3130 852 3196 modo
875 3129 1049 3210 fragmenti
1072 3127 1240 3195 (luiaoiani
1260 3132 1294 3194 11

177 3220 403 3300 excerptorum
431 3215 549 3299 quibus
571 3215 796 3283 Laehmannus
824 3235 904 3282 usus
927 3218 977 3280 est
998 3214 1153 3280 lectiones
1174 3214 1292 3281 melius

176 3308 210 3369 11
241 3303 362 3368 certius
395 3301 490 3369 nobis
520 3306 614 3368 notae
642 3307 719 3368 sunt
766 3324 843 3368 uam
867 3301 918 3366 illi
944 3321 1015 3367 csse
1042 3303 1200 3384 poterant,
1234 3300 1293 3367 sed

176 3390 275 3454 etiam
296 3408 380 3454 nova
402 3391 553 3473 excerpta
575 3409 615 3454 ex
639 3390 748 3455 codice
792 3388 963 3462 risingensi
986 3387 1019 3452 in
1038 3387 1144 3452 lucem
1166 3387 1293 3472 prolata

175 3480 261 3556 sunt,
283 3473 403 3558 quibus
425 3476 490 3540 iarn
512 3473 738 3541 Laehmannus
761 3475 811 3541 uti
833 3474 981 3539 voluerat
1002 3472 1058 3574 ille
1081 3473 1213 3557 quidem
1236 3473 1294 3540 sed

174 3580 344 3713 Tisi?
359 3558 1292 3731 diffidi·ensllttimattm„dtdlltllhlldluad

175 3734 284 3800 codice
318 3734 426 3819 aliquo
453 3733 668 3799 Ambrosiano
702 3732 829 3797 saeculo
864 3735 979 3814 quarto
1008 3731 1134 3797 decimo
1161 3734 1292 3797 exarato
1384 3754 1387 3758 ·

175 3820 341 3902 disseruit,
364 3822 398 3887 in
421 3820 561 3886 editione
584 3822 699 3904 poetae
722 3838 804 3883 anno
831 3818 912 3881 1818
935 3818 1054 3885 111111
1075 3817 1169 3901 plane
1193 3836 1293 3882 novos

174 3906 301 3974 codices
329 3912 459 3974 secutus
488 3910 547 3973 est.
592 3904 753 3971 Adhibuit
775 3904 862 3971 enim
884 3908 1011 3989 praeter
1033 3903 1176 3969 codicem
1198 3903 1292 3968 illum

174 3992 437 4077 Ambrosianum,
464 4013 561 4078 quem
587 3991 683 4057 litera
708 3991 739 4057 A
766 3992 898 4073 notavit,
930 3990 1076 4057 codicem
1098 3988 1290 4056 Vaticanum
