2988 4564
635 310 828 374 ...8.-

170 519 187 564 1
211 497 279 563 1111
301 496 328 563 F
352 518 372 562 a
395 495 561 579 Scaligero
584 497 616 561 in
638 496 906 579 castigationibus
928 495 1070 563 traditur
1092 517 1164 563 oum
1189 498 1290 564 ceteri

169 584 344 650 exhibeant
355 581 428 664 ,ac“
442 603 499 667 pro
513 583 618 664 ,hoc“.
634 583 724 649 ldem
735 583 818 648 illud
832 581 927 664 ,hoc“
940 583 1087 650 Muretus
1099 604 1139 649 ex
1151 589 1288 666 vetuste,

168 676 206 736 ut
218 671 274 747 ait,
287 669 397 735 codice
415 670 546 783 recepit,
560 669 617 735 sed
628 670 683 735 ille
696 669 824 734 videtur
836 689 894 735 suo
905 669 1037 735 invento
1047 673 1290 738 nonrecteusus

170 777 258 836 esse;
283 756 360 838 „hoc
383 757 485 821 alium
529 757 614 821 enim
631 775 689 840 pro
707 755 826 836 ,alium
843 775 941 840 quam
957 753 1062 821 hunc“
1080 756 1203 822 dictum
1219 778 1290 824 esse

169 847 272 927 putat.
316 841 387 925 lpse
417 861 516 927 supra
542 843 575 906 in
603 842 859 926 interpunctione
882 846 1015 907 secutus
1039 862 1112 907 sum
1135 841 1290 909 Salmasii

170 928 372 1009 senteutiam,
395 930 453 1011 qui
477 925 575 1008 ,hoc“
600 928 648 992 ita
668 947 726 1011 pro
749 929 889 994 ablativo
906 929 1031 1013 accepit
1045 931 1084 993 ut
1099 927 1287 1012 „coniugi0“

170 1014 364 1096 cogitatione
396 1015 537 1080 adderet.
587 1013 657 1079 Alii
687 1013 787 1095 ,felix
813 1012 892 1081 hoc“
927 1033 985 1098 pro
1013 1017 1214 1099 appositione
1249 1015 1291 1082 ad

172 1097 397 1182 „coniugium“
427 1101 574 1166 additum
601 1119 671 1165 1111
699 1099 868 1183 putabant,
896 1101 1004 1166 minus
1032 1104 1116 1184 apte,
1144 1106 1181 1168 ut
1209 1102 1290 1168 mihi

170 1186 304 1271 quidem
330 1187 468 1252 videtur.
519 1186 721 1270 Unaquaque
753 1189 863 1252 autem
896 1186 1011 1252 harum
1038 1189 1290 1270 explicationum

169 1272 360 1338 Baehrensii
387 1274 591 1338 coniecturae
619 1273 714 1353 longo
740 1276 894 1356 praestat,
929 1274 986 1357 qui
1018 1274 1053 1337 in
1082 1273 1289 1340 adnotatione

172 1359 377 1509 ,ipsedielitxz
398 1379 472 1424 ecce
495 1359 595 1424 alium
620 1358 732 1424 desine
755 1360 838 1424 velle
861 1356 987 1424 virum“
1005 1358 1068 1424 sihi
1091 1361 1195 1442 magis
1220 1360 1289 1443 pla-

170 1465 243 1511 cere
288 1465 354 1510 111.

254 1530 307 1611 111,
331 1530 361 1610 4,
385 1529 426 1593 89
450 1527 490 1594 de
507 1526 617 1611 Scylla
641 1529 794 1611 „canibus
818 1526 1001 1595 succincta“
1027 1526 1156 1596 solusF
1179 1529 1289 1613 hahet,

170 1617 269 1683 ceteri
293 1612 507 1699 „submixta“.
617 1636 625 1647 ·

254 1701 308 1784 Ill,
325 1705 354 1782 5,
373 1704 412 1764 10
435 1702 514 1785 quin
535 1703 623 1766 recte
640 1699 666 1766 F
683 1700 791 1766 tradat
807 1702 905 1783 ,trita
920 1698 1073 1783 venena“,
1097 1723 1172 1768 cum
1190 1702 1290 1768 ceteri

169 1789 245 1855 honi
270 1786 397 1870 ,certa“
419 1786 570 1868 habeant,
595 1787 739 1854 dubitari
753 1807 817 1852 non
831 1791 950 1872 potest,
974 1808 1048 1853 cum
1064 1795 1175 1875 aperte
1190 1809 1290 1875 oppo-

170 1876 234 1941 sita
256 1876 321 1940 sint
343 1876 429 1940 inter
452 1894 486 1940 11
507 1894 631 1940 venena
653 1875 731 1939 trita
754 1878 786 1939 et
807 1874 968 1939 mortiferi
990 1876 1070 1941 suci.

259 1960 312 2041 lli,
336 1962 367 2041 6,
390 1961 430 2023 23
455 1960 582 2026 codices
602 1961 705 2026 nostri
728 1958 897 2026 exhibent:

322 2045 440 2123 Quales
462 2046 513 2111 his
536 2065 656 2129 poenas
679 2046 759 2111 deus
782 2045 834 2110 hic
856 2046 1078 2129 quantumque
1093 2047 1246 2126 minetur,

168 2134 233 2199 uisi
259 2132 347 2216 quod
376 2130 635 2216 „quantumque“
665 2133 699 2198 in
728 2152 791 2196 non
819 2132 919 2197 nullis
946 2130 1037 2196 libris
1058 2131 1092 2196 in
1117 2136 1291 2216 „quantas-

169 2217 250 2305 que“
288 2223 345 2284 aut
380 2215 643 2302 ,quaecumque“
680 2221 843 2283 mutatum
871 2220 930 2283 est.
980 2215 1032 2282 Ex
1064 2217 1124 2283 hac
1151 2219 1290 2286 lectione

168 2326 263 2372 nemo
285 2324 440 2388 umquam
464 2304 672 2370 coniectando
696 2308 866 2370 assecutus
896 2306 984 2369 esset
1005 2302 1208 2389 Lygdamum
1230 2306 1291 2371 hoc

169 2393 240 2457 loco
252 2396 319 2456 tam
331 2411 429 2475 prave
442 2391 530 2455 inani
542 2390 712 2456 verborum
727 2391 868 2477 strepitu
879 2389 920 2455 ad
932 2410 1002 2455 rem
1014 2390 1290 2474 simplicissimam

170 2477 413 2560 significandam
443 2477 581 2543 abusum
610 2497 681 2543 esse
707 2481 745 2542 ut
771 2497 789 2542 e
811 2474 935 2541 librill
963 2477 1125 2560 scriptura
1146 2482 1289 2562 apparet.

172 2562 336 2649 Scriptum
361 2564 446 2628 euim
470 2566 519 2628 est
540 2564 574 2628 in
596 2563 669 2628 illo:

324 2649 440 2726 Quales
463 2650 514 2716 his
536 2669 655 2734 poenas
678 2648 785 2732 qualis
807 2651 1013 2732 quantusque
1036 2647 1190 2731 minetur,

170 2754 275 2820 neque
299 2735 338 2801 de
361 2736 498 2801 veritate
521 2736 618 2801 huius
640 2735 819 2801 testimonii
842 2734 984 2800 dubitari
1006 2737 1123 2818 potest.

257 2820 411 2907 Sequitur
429 2822 520 2888 locus
543 2822 763 2902 difficillimus,
786 2819 840 2902 111,
863 2822 893 2901 6,
916 2820 969 2902 43,
992 2820 1103 2905 quiin
1126 2821 1289 2906 excerptis
1394 2807 1397 2811 ’

170 2907 436 2991 Frisingensibus
458 2910 506 2973 sic
526 2907 681 2973 traditur:

574 2994 668 3060 Felix
691 2992 886 3078 quicumque
909 2991 1019 3057 dolore

325 3079 459 3145 alterius
482 3079 587 3146 disces
609 3099 705 3164 posse
727 3099 841 3145 cavere
862 3083 930 3144 tuo.

173 3162 308 3231 Codices
335 3169 463 3249 praeter
483 3163 510 3230 F
538 3166 692 3231 exhibent
716 3185 845 3246 ,carere
866 3161 956 3244 tu0“,
984 3162 1010 3229 F
1035 3183 1168 3244 ,cavere
1186 3159 1290 3227 tuos“.

172 3251 207 3316 ln
240 3251 408 3317 tractando
442 3255 551 3317 autem
583 3251 644 3316 hoc
671 3252 740 3317 loco
767 3250 1037 3335 proficiscendum
1065 3253 1117 3315 est
1144 3271 1164 3314 a
1191 3248 1292 3315 simili

172 3358 268 3403 versu
292 3337 413 3418 Ovidii,
434 3358 487 3403 ars
510 3357 571 3402 am.
595 3336 648 3416 ΙΙΙ,
671 3338 748 3400 455:

326 3422 449 3489 Discite
472 3423 513 3488 ab
536 3423 672 3489 alterius
694 3422 811 3488 vestris
833 3421 982 3486 timuisse
1004 3421 1154 3506 querelis.

172 3508 223 3576 Ex
244 3509 305 3575 hoc
327 3509 398 3576 loco
420 3510 504 3575 illud
526 3510 637 3575 statim
660 3512 804 3594 apparet,
828 3508 926 3573 verbo
945 3505 1134 3587 „timuisse“
1156 3509 1189 3573 in
1202 3507 1291 3590 'Lyg-

174 3596 261 3662 dami
283 3596 363 3677 loco,
387 3616 481 3680 quem
505 3615 577 3661 cum
602 3615 640 3661 eo
664 3596 826 3661 artissime
842 3593 1047 3661 coniunctum
1063 3615 1134 3661 esse
1150 3592 1292 3659 dubitari

172 3702 236 3747 uon
259 3686 375 3767 potest,
398 3683 581 3749 necessario
603 3681 796 3766 respondere
822 3677 986 3761 ,cavere“,
1012 3679 1160 3762 ,carere“
1181 3682 1290 3762 igitur,

175 3767 263 3851 quod
296 3770 400 3834 nostri
437 3769 565 3834 codices
598 3767 762 3848 exhibent,
801 3786 934 3850 prorsus
971 3766 1171 3832 reiciendum
1208 3786 1290 3833 esse.

37 3862 39 3866 ’
173 3853 367 3938 Priusquam
401 3859 510 3920 autem
539 3875 715 4006 pergamus
749 3852 970 3937 quaerendum
1003 3857 1062 3934 est,
1095 3872 1176 3936 quae
1209 3851 1291 3917 ratio

174 3940 259 4006 inter
283 3939 391 4007 Ovidii
414 3946 447 4006 ct
467 3941 538 4025 Lyg
561 3942 627 4006 ami
648 3941 756 4006 locum
778 3939 967 4019 intercedat,
988 3939 1010 4003 i.
1034 3959 1061 4004 1.
1082 3942 1192 4004 utrum
1215 3938 1291 4004 Ovi-

82 4072 86 4078 ·
176 4025 248 4092 dius
271 4023 324 4091 hic
347 4027 525 4111 ceterisque
548 4028 618 4092 eius
643 4027 731 4092 modi
753 4026 833 4093 locis
847 4024 1063 4112 Lygdamum,
1085 4023 1172 4109 quod
1194 4025 1290 4108 vulgo
