2988 4564
659 315 852 378 ...1-

200 508 373 575 hendimus
382 504 417 588 ¹),
444 524 550 588 neque
577 508 686 571 tamen
713 524 753 570 ex
778 504 839 571 hac
865 525 900 570 re
929 505 1184 571 concludendum
1213 510 1263 571 est
1285 527 1318 572 re

200 615 277 660 vera
309 595 403 660 illum
437 592 577 659 codicem
616 592 737 657 talibus
772 591 936 658 erroribus
968 594 1035 658 iere
1067 612 1234 675 nunquam
1262 597 1320 658 aut

200 681 313 767 paucis
327 698 333 717 ⁸
347 682 473 747 tantum
506 678 587 744 locis
616 679 821 763 inquinatum
853 679 964 744 1111111.
1022 677 1186 761 Scaligero
1220 680 1317 760 enim,

201 788 275 832 cum
303 767 514 850 gravissimas
540 768 668 830 tantum
696 765 933 848 discrepantias
956 765 1134 845 adnotaret,
1163 765 1319 832 lectiones

201 854 321 938 apertis
343 852 506 919 erroribus
528 853 617 915 ortae
640 851 832 934 plerumque
856 851 1051 917 omittendae
1069 855 1169 917 erant.
1204 851 1317 936 ltaque

202 960 267 1025 qua
293 939 461 1022 diligentia
486 938 541 1003 1111
568 936 669 1002 codex
696 938 836 1021 scriptus
861 938 961 1002 fuerit
986 958 1026 1004 cx
1049 937 1110 1003 hac
1132 938 1263 1021 quidem
1284 959 1319 1005 re

204 1045 394 1107 cognoscere
409 1043 492 1089 non
524 1043 707 1107 possumus.
763 1023 871 1089 Aliter
903 1028 1013 1089 autem
1052 1024 1091 1089 dc
1126 1025 1319 1091 coniecturis

203 1111 413 1178 iudicandum
437 1113 487 1176 est
509 1109 645 1194 quaein
667 1109 791 1177 libroF
813 1110 1032 1175 inveniuntur.
1065 1109 1150 1176 Nam
1175 1111 1202 1176 si
1223 1112 1320 1196 plura

201 1199 236 1264 in
256 1198 317 1264 hoc
340 1198 448 1263 codice
470 1196 512 1260 ad
532 1198 658 1261 rectum
681 1217 812 1264 sensum
837 1196 1040 1262 efficiendum
1056 1200 1184 1262 mutata
1199 1200 1318 1277 essent,

202 1288 287 1351 certe
307 1304 371 1349 non
392 1283 501 1349 nullae
527 1282 642 1348 harum
665 1281 927 1349 emendationum
949 1284 996 1348 ita
1019 1286 1222 1368 comparatae
1236 1285 1319 1350 fuis·

202 1376 273 1438 sent
298 1376 337 1436 ut
365 1369 511 1450 Scaliger
537 1388 591 1433 eas
619 1387 683 1433 non
710 1369 884 1435 omisisset.
933 1368 1095 1453 Equidem
1125 1373 1231 1435 autem
1259 1388 1320 1453 per

200 1461 303 1523 totam
325 1457 415 1522 illam
431 1455 550 1522 Tibulli
564 1457 689 1538 partem
712 1456 747 1521 in
762 1474 858 1539 quam
874 1454 951 1520 libri
965 1454 992 1521 F
1007 1455 1164 1522 lectiones
1179 1454 1318 1521 traditae

205 1546 282 1609 sunt
299 1563 400 1608 unum
422 1542 518 1626 paulo
541 1540 660 1606 certius
683 1544 887 1608 coniecturae
908 1541 943 1606 in
964 1541 1019 1607 illo
1034 1540 1143 1607 codice
1158 1541 1319 1607 admissae

206 1628 392 1712 exemplum
414 1628 533 1693 inveni.
578 1625 614 1690 ln
637 1627 761 1709 elegiae
785 1628 870 1693 enim
892 1626 946 1707 IV,
968 1629 986 1690 5
1009 1647 1107 1694 versu
1129 1627 1270 1694 decimo:

353 1713 389 1779 Si
411 1714 516 1793 modo,
540 1732 614 1778 cum
636 1711 675 1777 de
695 1733 746 1778 me
765 1713 896 1794 cogitat,
918 1713 975 1779 illc
998 1714 1084 1779 calet

202 1801 281 1884 quin
307 1797 426 1880 „calct“
452 1800 492 1864 ab
507 1798 597 1863 Italis
619 1801 706 1864 recte
726 1799 908 1865 coniectum
924 1800 1044 1864 sitnon
1059 1800 1125 1865 iam
1140 1796 1319 1881 dubitatur,

201 1887 236 1950 in
259 1884 423 1951 codicibus
446 1889 554 1953 autem
579 1883 748 1967 praeterF
770 1885 920 1952 omnibus
943 1885 1077 1951 verbum
1100 1885 1182 1950 illud
1204 1885 1320 1952 leviter

202 1975 387 2057 corruptum
412 1972 518 2037 estin
543 1966 679 2051 ,ualet“.
714 1969 766 2036 Ex
788 1971 900 2037 eadem
918 1971 1056 2038 lectione
1077 1969 1193 2037 libriF
1217 1972 1319 2057 scrip-

201 2062 309 2124 turam
334 2055 457 2139 „volet“
480 2056 605 2122 librarii
628 2056 767 2123 alicuius
783 2058 1009 2125 emendatione
1026 2061 1129 2124 ortam
1146 2077 1216 2123 esse
1252 2062 1318 2138 uto,

200 2149 239 2211 ut
265 2165 380 2210 sensns
406 2144 651 2227 qualiscumque
676 2143 710 2209 in
735 2143 821 2209 hunc
843 2164 973 2210 versum
994 2145 1176 2210 inferretur.
1221 2076 1319 2209 lErae-

201 2235 292 2296 terea
319 2231 522 2296 coniecturae
550 2230 737 2314 exemplum
759 2229 793 2294 in
815 2230 899 2295 libro
920 2230 947 2296 F
969 2250 1034 2295 non
1055 2225 1205 2311 inventi)
1249 2229 1320 2297 Hoc

199 2318 301 2400 igitur
327 2336 385 2402 pro
413 2322 499 2382 certo
526 2316 591 2382 dici
618 2335 713 2401 posse
738 2320 817 2400 puto
846 2316 1040 2382 coniecturis
1067 2316 1152 2382 hunc
1175 2315 1317 2382 codicem

200 2405 267 2468 iere
302 2403 456 2484 caruisse,
489 2402 702 2486 omnibusque
738 2403 807 2468 eius
841 2402 1034 2469 lectionibus
1066 2403 1154 2469 haud
1185 2422 1318 2486 parvam

201 2489 428 2554 auctoritatem
449 2487 657 2554 tribuendam
679 2508 762 2553 esse.
797 2486 890 2565 Quod
905 2489 1009 2570 magis
1026 2490 1124 2554 etiam
1142 2489 1319 2572 apparebit,

202 2576 230 2640 si
253 2575 318 2638 iam
342 2572 384 2639 ad
407 2574 552 2655 singulos
573 2591 627 2638 eos
643 2572 730 2638 locos
747 2573 866 2656 quibus
881 2574 907 2640 F
924 2575 1093 2640 meliorem
1108 2594 1204 2659 quam
1221 2576 1320 2642 ceteri

159 2704 161 2715 »
200 2659 275 2726 libri
305 2659 477 2725 lectionem
515 2658 646 2724 exhibet
683 2661 925 2725 accesserimus.
983 2660 1196 2725 inveniuntur
1233 2661 1319 2726 enim

201 2745 356 2830 permulti
377 2744 564 2811 huiusmodi
578 2744 652 2824 loci,
674 2764 811 2827 quorum
828 2745 972 2831 plerique
987 2745 1035 2811 ita
1050 2747 1228 2832 comparati
1244 2750 1320 2823 sunt

200 2835 239 2897 ut
260 2832 323 2897 nisi
345 2831 490 2897 adhibito
514 2830 623 2896 codice
645 2829 671 2896 F
695 2834 790 2915 aptus
814 2851 928 2898 sensus
954 2851 1058 2916 neque
1085 2833 1125 2899 ab
1147 2833 1213 2898 ullo
1236 2832 1318 2899 libro

201 2918 394 3002 praebeatur
415 2936 518 3001 neque
541 2937 581 2982 ex
604 2917 752 2982 codicum
774 2917 969 2984 lectionibus
992 2919 1186 2985 coniecturis
1205 2938 1318 3003 quam-

200 3006 251 3069 vis
272 3003 448 3084 ingeniosis
472 3002 555 3068 effici
576 3003 721 3087 potuisse
743 3003 906 3086 putandus
930 3006 981 3070 sit.

287 3089 340 3170 lll,
363 3090 394 3169 4,
418 3088 459 3152 80
482 3089 567 3172 quod
588 3108 674 3154 nuno
697 3089 861 3154 scribitur:

353 3174 424 3241 Hoc
445 3175 507 3240 tibi
530 3175 715 3256 coniugium
737 3176 899 3258 promittit
921 3174 1035 3240 Delius
1057 3174 1142 3258 ipse:

403 3262 483 3327 felix
506 3260 567 3327 hoc
588 3262 689 3327 alium
712 3260 824 3326 desine
848 3262 930 3327 velle
952 3262 1057 3327 virum

292 3496 312 3563 ¹)
330 3497 391 3550 Non
408 3499 496 3553 nullos
514 3500 561 3552 sed
579 3515 727 3568 perpaucos
744 3500 817 3552 locos
836 3501 920 3566 omisi,
939 3499 1000 3566 quia
1018 3498 1050 3550 de
1062 3498 1095 3552 iis
1107 3499 1136 3551 in
1149 3501 1319 3566 sequentibus

202 3567 391 3635 disputandum
409 3568 464 3619 erit.
935 3620 938 3623 ,

288 3632 308 3700 ²)
326 3635 406 3687 Plura
424 3636 543 3704 exempla
560 3636 650 3688 attulit
667 3636 845 3688 Baehrensius
864 3633 1056 3701 („Tibullische
1068 3635 1184 3688 ciatrem
1201 3651 1261 3704 pag.
1275 3634 1318 3699 63)

203 3703 249 3756 sed
267 3719 356 3756 eorum
375 3719 406 3755 ea
424 3720 491 3771 quac
509 3705 633 3771 legrmtur
650 3705 696 3771 ΙΙΙ,
714 3704 739 3767 4,
758 3703 864 3770 66,111,
883 3704 907 3770 6,
924 3704 967 3771 44,
986 3705 1031 3770 IV,
1052 3705 1074 3770 l,
1092 3702 1159 3756 aira
1171 3711 1320 3774 comparata

203 3775 265 3824 sunt
290 3775 320 3824 ut
344 3776 443 3824 certum
466 3773 498 3824 de
521 3774 555 3825 iis
581 3773 707 3826 iudicium
729 3772 786 3824 fieri
809 3777 930 3839 nequeat,
953 3774 1047 3826 ceteris
1069 3774 1247 3841 1111111111,
1273 3775 1319 3840 IV,

205 3839 228 3906 l,
248 3839 305 3905 189,
325 3841 371 3906 IV,
391 3840 492 3906 1,210,
514 3842 559 3906 IV,
577 3841 601 3907 5,
621 3842 634 3892 l
653 3842 829 3894 Baehrensius
847 3842 908 3894 libri
925 3842 946 3893 F
965 3843 1108 3909 scripturas
1126 3843 1198 3895 nullo
1213 3844 1273 3905 ¹iure
1291 3845 1320 3896 in

204 3907 312 3960 dubium
324 3925 432 3962 vocasse
443 3910 554 3976 ridetur,
571 3914 602 3962 ut
614 3911 669 3961 suis
682 3911 839 3962 coniecturis
852 3925 938 3977 neque
950 3912 1105 3963 necessariis
1117 3926 1204 3978 neque
1218 3928 1319 3980 semper

203 3977 362 4097 aptialquap
374 3981 519 4032 ceterorum
532 3979 650 4031 codicum
662 3977 820 4031 lectionibus
832 3980 961 4045 nituntur,
973 3980 1097 4032 maiorem
1108 3980 1319 4047 probabilitatem
1378 3982 1380 3985 ’

204 4060 342 4098 concrrare
377 4051 383 4061 '
