2988 4564
635 265 847 328 „22-

177 451 240 518 loci
261 453 397 519 formam
419 453 453 518 10
476 453 626 518 omnibus
644 453 760 519 ceteris
782 453 921 520 testibus
944 453 1154 540 depravatam
1176 476 1196 520 a
1217 456 1295 522 solis

177 539 338 692 excerptis
360 537 622 621 Frisingensibus
645 539 713 605 sine
735 539 804 605 ulla
825 539 1004 606 mutatione
1027 544 1114 606 recte
1139 540 1301 608 exhiberi„

297 645 315 691 0
338 627 456 691 ceteris
478 625 576 690 huius
599 625 648 690 rai
670 625 827 712 exemplis
852 626 989 692 breviori
1011 647 1083 693 csse
1105 627 1187 692 mihi
1206 628 1293 693 lieet.

177 710 202 793 Ι,
224 711 254 792 2,
276 711 315 774 19
339 714 450 777 contra
469 710 618 776 codicum
640 712 827 778 lectionem:
1021 739 1024 744 ·

328 796 388 862 1110
410 796 503 863 docet
525 797 638 862 furtim
660 798 751 863 molli
773 797 930 863 decedere
951 798 1034 864 lecto

177 882 259 949 nihil
280 883 419 969 proferri
441 886 563 968 potest3
586 888 694 949 tamen
717 885 910 968 scripturam
932 885 1035 951 multo
1052 886 1295 969 exquisitiorem

176 969 327 1055 praeberi
350 970 390 1036 ab
413 969 587 1054 excerptis:

327 1055 388 1120 Illa
410 1055 504 1121 docet
527 1055 617 1120 molli
640 1054 755 1120 furtim
777 1055 931 1141 derepere
953 1056 1037 1123 10010

178 1139 499 1207 concedendum-est.
532 1140 585 1222 ΙΠ,
609 1142 639 1222 6,
663 1140 703 1202 33
729 1140 801 1222 „hei
823 1140 924 1207 mihi“
948 1143 999 1208 vel
1024 1142 1073 1222 „ei
1094 1138 1194 1206 mihi“
1215 1143 1295 1208 sori-

178 1224 320 1292 bendum
353 1247 424 1293 0000
450 1228 516 1292 100
543 1227 583 1293 ab
605 1226 696 1292 Italis
724 1227 924 1297 intellectum
952 1231 1061 1294 estet
1089 1229 1295 1294 confirmatur

178 1315 402 1398 excerptorum
430 1312 687 1394 Frisingeusium
715 1315 911 1393 testimonio,
945 1313 1002 1397 qui
1030 1309 1100 1392 „et“
1130 1313 1294 1394 exhibent,

177 1418 252 1463 cum
281 1400 381 1465 ceteri
407 1399 482 1465 libri
510 1420 529 1464 a
554 1419 628 1464 vero
655 1400 782 1482 longius
805 1399 1033 1465 aberraverint.
1078 1397 1128 1463 De
1149 1398 1219 1463 1000
1241 1399 1294 1480 111,

178 1484 207 1564 6,
231 1485 273 1545 44
298 1484 449 1568 denique,
471 1486 529 1550 ubi
550 1506 629 1551 vcra
650 1488 811 1571 scriptura
833 1503 964 1567 „carere
987 1481 1066 1548 tuo“
1088 1483 1123 1548 in
1145 1485 1223 1550 solis
1238 1505 1294 1550 ex·

177 1569 699 1656 000011011001000001110001000
722 1573 837 1651 exstat,
867 1588 967 1655 supra
993 1567 1082 1655 (pag.
1107 1568 1188 1651 aff.)
1215 1571 1294 1637 satis

177 1654 362 1741 disputasse
384 1657 465 1722 mihi
488 1657 610 1723 videor.

262 1741 411 1809 Vidimus
438 1744 540 1825 igitur
565 1763 630 1809 non
654 1741 761 1807 nullas
790 1743 875 1805 certe
903 1741 1042 1826 optimas
1069 1741 1224 1809 lectiones
1253 1742 1293 1808 ab

177 1828 338 1913 excerptis
360 1827 622 1912 Frisingensibus
644 1826 802 1913 praeberi,
831 1826 961 1892 0111001
982 1826 1099 1893 addere
1122 1829 1294 1914 plerasque

177 1932 289 1979 earum
321 1915 368 1981 ita
405 1919 606 2002 comparatas
640 1932 711 1979 esse
743 1916 782 1978 ut
809 1913 993 1979 coniectura
1017 1918 1105 1981 ortae
1134 1935 1293 1981 essenon

175 2001 310 2085 possint.
359 2000 482 2085 ltaque,
507 2007 662 2085 quantum
688 1999 723 2064 10
748 2002 815 2065 100
843 2001 961 2080 exiguo
987 1999 1132 2065 locorum
1159 2021 1293 2086 excerp-

175 2089 283 2151 torum
310 2107 444 2152 numero
471 2087 580 2153 videre
609 2086 696 2165 lieet,
723 2087 860 2169 apparet
885 2085 964 2150 haec
992 2088 1144 2170 excerpta
1165 2108 1223 2153 000
1246 2087 1293 2153 ibi

176 2172 276 2238 etiam
310 2174 402 2256 sequi
436 2171 554 2238 debere
587 2171 646 2237 ubi
670 2191 710 2236 00
738 2171 842 2255 100100
868 2170 931 2236 1001
957 2175 1073 2237 natura
1098 2176 1173 2238 utra
1194 2173 1292 2239 lectio

173 2258 290 2324 melior
311 2260 356 2324 011
377 2257 548 2324 diiudicari
569 2278 633 2323 non
679 2259 772 2322 otest.
819 2254 873 2322 Sic
899 2256 1049 2340 equidem
1076 2278 1141 2324 000
1164 2258 1292 2325 dubita-

173 2364 241 2409 rem
256 2345 375 2409 formas
391 2340 506 2424 „colu“
523 2340 561 2424 (l,
579 2343 609 2423 3,
622 2277 689 2424 863,
712 2340 905 2424 „Garonna“
922 2342 961 2424 (l,
979 2344 1008 2423 7,
1027 2341 1093 2425 11),
1116 2343 1292 2430 ‚,pussula“

174 2427 274 2510 (lua,
296 2427 349 2510 10)
372 2450 412 2495 ex
435 2429 595 2514 excerptis
617 2429 772 2515 recipere,
796 2429 858 2493 etsi
881 2428 1009 2495 codices
1032 2429 1152 2496 habent
1167 2427 1291 2511 x„colo“,

175 2513 394 2596 „Garumna“‚
421 2514 605 2600 ,‚pustula“.
649 2513 718 2582 Nec
744 2515 852 2581 minus
877 2515 901 2596 Ι,
927 2517 955 2596 1,
977 2515 997 2579 2
1025 2535 1099 2581 cum
1131 2517 1292 2602 excerptis

175 2601 381 2669 scribendum
404 2620 476 2666 esse
499 2605 592 2687 puto:

180 2752 182 2757 ,
208 2766 211 2770 ,
327 2686 371 2752 Et
392 2690 503 2753 teneat
525 2687 605 2753 culti
626 2686 740 2768 iugera
761 2686 864 2751 multa
887 2686 956 2767 0011,

175 2789 372 2857 quamquam
395 2772 543 2838 codicum
564 2773 794 2858 plerorumque
817 2773 979 2856 scriptura
1002 2773 1135 2853 „iugera
1156 2769 1292 2854 magna“

175 2858 248 2943 ipsa
273 2859 411 2925 fortasse
439 2857 628 2925 difficultate
659 2857 909 2923 commendatur.
959 2856 1118 2924 Similiter
1150 2857 1174 2939 I,
1200 2861 1228 2938 1,
1252 2857 1293 2920 34

175 2941 268 3024 „est‘
292 2965 366 3010 oum
389 2945 552 3030 excerptis
575 2944 724 3010 omittere
746 2943 824 3024 011,
847 2943 877 3024 2,
903 2944 942 3006 19
963 2943 1133 3009 verborum
1157 2943 1292 3009 colloca-

174 3029 297 3096 tionem
320 3029 359 3095 ab
383 3031 425 3096 iis
447 3030 588 3096 oblatam
611 3030 645 3094 in
666 3031 791 3096 textum
816 3030 960 3114 recipere
981 3029 1103 3094 malim.

261 3115 306 3181 Ut
332 3116 432 3198 igitur
459 3115 697 3182 concedendum
727 3119 777 3181 est
801 3114 976 3180 admodum
997 3116 1111 3199 paucis
1133 3115 1214 3180 10010
1237 3136 1292 3182 00-

174 3204 359 3288 cerptorum
381 3202 566 3268 testimonio
582 3201 702 3267 Tibulli
722 3203 852 3266 textum
871 3200 1124 3266 emendatiorem
1146 3201 1224 3282 fieri,
1246 3201 1293 3266 ita

174 3286 234 3353 hoc
254 3288 366 3370 negari
388 3309 452 3354 non
466 3290 583 3373 potest,
606 3287 749 3353 codicem
766 3305 830 3370 quo
847 3290 1016 3370 excerptor
1030 3307 1109 3352 0000
1124 3291 1174 3353 001
1189 3287 1292 3370 magis

174 3375 348 3456 genuinam
374 3377 485 3440 textus
512 3375 648 3440 formam
675 3372 862 3457 praebuisse
895 3391 993 3455 quam
1026 3375 1152 3438 nostros
1182 3372 1290 3438 libros.

174 3459 272 3526 Plura
297 3464 408 3527 autem
434 3460 474 3527 de
502 3460 561 3526 hoc
589 3460 697 3525 codice
720 3458 802 3525 scire
825 3478 889 3523 non
911 3478 1094 3542 possumus.
1140 3457 1185 3524 Ut
1206 3459 1292 3524 enim

176 3545 365 3630 supradixi
389 3547 530 3613 maxime
554 3545 728 3612 dolendum
751 3563 822 3609 0000
851 3543 938 3627 quod
959 3545 1174 3626 fragmentum
1197 3542 1291 3609 Ouia-

175 3633 303 3699 cianum
335 3632 484 3698 ultimam
518 3636 645 3697 tantum
673 3629 929 3695 Tibullianorum
961 3631 1140 3696 carminum
1166 3634 1291 3713 partem

175 3718 359 3798 exhibebat,
382 3720 430 3785 sic
451 3738 537 3783 0000
558 3737 623 3782 000
645 3716 753 3781 01000
776 3713 950 3781 dolendum
965 3722 1015 3782 est
1037 3715 1124 3799 quod
1139 3719 1292 3799 excerpta

173 3804 397 3887 Frisingensia
430 3803 564 3869 eandem
598 3805 722 3886 partem
751 3802 819 3866 fere
845 3821 979 3885 prorsus
1007 3803 1170 3867 omittunt.
1221 3800 1291 3866 Hoc

175 3892 259 3957 enim
287 3892 352 3958 nisi
380 3891 427 3955 ita
456 3909 490 3955 sc
517 3888 650 3954 haberet
671 3887 752 3953 scire
775 3888 912 3954 fortasse
935 3907 1106 3973 possemus
1127 3907 1205 3952 num
1226 3907 1292 3952 000

174 3998 232 4062 per
253 3976 398 4043 medium
413 3994 530 4040 aevum
546 3972 712 4056 divulgata
725 3974 825 4040 fuerit
839 3974 1020 4041 carminum
1034 3971 1289 4040 Tibullianorum

1480 504 1481 515 r

1480 588 1481 603 1

1301 1260 1308 1273 ⁴

1480 1614 1481 1621 r
