2988 4564
680 259 889 320 „69-

225 444 402 525 contendit,
429 443 470 511 ob
497 465 631 531 eamque
658 465 727 512 rem
753 447 966 531 reprehensus
993 450 1042 512 est
1067 445 1345 528 aBaehrensio,¹)

224 531 281 614 qui
303 533 411 597 tamen
435 535 547 596 contra
568 531 659 599 illius
681 534 878 599 sententiam
899 532 981 599 nihil
1002 533 1078 599 novi
1101 531 1246 617 protulit.

309 615 445 683 Duobus
467 618 574 684 modis
596 617 631 683 in
652 620 774 685 talibus
796 619 1039 703 quaestionibus
1063 638 1156 701 agere
1178 619 1265 699 lieet,
1288 623 1346 685 aut

224 704 271 768 ita
292 706 331 769 ut
352 723 427 769 eum
449 702 490 769 de
513 724 576 788 quo
599 705 706 787 agitur
727 705 871 772 codicem
893 726 968 771 cum
990 706 1054 770 alio
1077 704 1160 770 bono
1182 709 1265 771 teste
1281 725 1345 772 non

225 789 312 855 omni
339 808 379 855 ex
408 793 501 874 parte
525 794 602 857 noto
630 792 749 858 artiore
777 792 933 857 affinitate
963 791 1170 857 coniunctum
1192 811 1264 857 esse
1287 792 1344 857 de-

223 878 433 953 monstretur,
465 881 522 941 aut
553 877 601 942 ita
632 882 670 944 ut
698 878 835 960 singulis
869 878 939 943 eius
967 876 1162 943 lectionibus
1190 877 1346 943 eximiam

223 962 331 1028 inesse
356 961 533 1029 bonitatem
548 964 746 1029 ostendatur.
784 963 966 1047 Utrumque
987 964 1140 1048 quoniam
1154 964 1278 1030 tactum
1294 968 1346 1030 est

223 1069 243 1114 a
257 1046 465 1129 Baehrensio,
488 1048 569 1115 mihi
591 1068 719 1134 quoque
741 1070 793 1116 res
808 1051 855 1116 ita
870 1048 1071 1116 instituenda
1085 1053 1136 1115 est
1150 1053 1188 1115 ut
1202 1051 1346 1134 primum

224 1153 318 1217 agam
341 1133 380 1200 de
404 1136 510 1201 causis
533 1135 676 1202 externis
699 1137 818 1221 quibus
833 1135 1024 1202 Baehrensii
1046 1136 1206 1202 sententia
1219 1137 1345 1217 nititur,

224 1219 341 1288 deinde
362 1221 506 1304 singulas
530 1222 652 1290 codicis
674 1222 830 1290 lectiones
853 1221 1047 1289 examinem.

775 1359 799 1426 Ι.

309 1474 462 1544 Godioem
489 1475 519 1544 G
551 1498 626 1544 oum
659 1479 823 1564 excerptis
850 1477 1007 1546 Parisinis
1039 1498 1104 1544 non
1138 1478 1237 1544 nullis
1264 1479 1344 1544 locis

223 1564 304 1635 adeo
334 1563 514 1631 consentire
540 1567 579 1630 ut
604 1585 682 1630 casu
703 1566 788 1632 hunc
811 1585 1005 1633 consensum
1028 1567 1135 1630 ortum
1158 1584 1229 1631 esse
1252 1565 1342 1631 credi

223 1670 286 1716 non
308 1654 417 1735 posset
432 1649 651 1718 Baehrensius
673 1650 786 1718 docuit
807 1651 968 1737 exemplis
989 1651 1127 1734 eprima
1142 1649 1241 1734 primi
1265 1651 1342 1716 libri

223 1737 329 1817 elegia
359 1733 516 1820 pertuso,
549 1757 653 1822 neque
689 1738 728 1804 de
763 1738 823 1804 hac
850 1759 885 1805 re
915 1736 1057 1803 dubitari
1084 1739 1200 1820 potest.
1250 1735 1344 1802 Hanc

223 1842 294 1888 rem
309 1822 526 1888 Baehrensius
549 1825 596 1890 ita
618 1823 794 1908 explicavit
814 1828 854 1890 ut
875 1821 1064 1891 codicemG
1087 1842 1127 1888 ex
1149 1821 1263 1891 eodem
1279 1841 1342 1906 quo

224 1911 377 1992 excerpta
397 1909 484 1973 fonte
507 1908 641 1975 ductum
663 1931 736 1977 esse
758 1916 901 1995 poneret.
947 1909 1029 1975 Cum
1056 1912 1166 1975 autem
1192 1913 1344 1993 excerpta

225 1993 266 2060 ab
288 1994 439 2059 omnibus
461 1995 578 2061 ceteris
601 1997 767 2062 codicibus
789 2016 853 2063 non
876 1996 970 2062 modo
993 1995 1035 2060 iis
1057 1994 1137 2061 locis
1160 1994 1344 2079 discrepent

224 2100 304 2165 quos
327 2080 367 2145 ab
391 2084 579 2163 excerptore
600 2082 789 2149 immutatos
812 2102 884 2149 esse
906 2085 1031 2149 constat
1053 2081 1112 2147 sed
1131 2082 1229 2147 etiam
1245 2080 1293 2146 ita
1306 2087 1344 2147 ut

224 2187 297 2232 eam
319 2165 570 2249 discrepantiam
591 2169 656 2234 iam
678 2170 713 2235 in
735 2191 772 2236 eo
796 2189 858 2254 quo
882 2171 1050 2253 excerptor
1072 2188 1152 2233 usus
1167 2171 1218 2233 est
1232 2167 1342 2233 codice

222 2253 325 2318 tuisse
347 2251 556 2318 statuendum
578 2254 631 2335 sit,
654 2258 791 2340 apparet
809 2256 931 2321 librum
953 2252 991 2333 G,
1014 2252 1043 2319 si
1065 2252 1199 2338 quidem
1221 2252 1344 2321 abhoc

224 2338 335 2406 codice
368 2338 484 2404 ductus
518 2341 579 2419 est,
611 2358 744 2423 prorsus
777 2342 873 2407 aliam
907 2339 1065 2406 familiam
1098 2345 1342 2424 repraesentare

224 2445 320 2509 quam
343 2428 469 2490 ceteros
491 2422 629 2503 codices,
652 2432 878 2512 excerptorum
892 2431 1000 2493 autem
1016 2446 1071 2492 eas
1086 2429 1216 2491 tantum
1230 2425 1343 2492 lectio-

222 2532 279 2577 nes
311 2528 370 2595 pro
402 2510 573 2595 scripturis
605 2510 703 2579 huius
734 2514 878 2580 familiae
912 2511 1051 2598 propriis
1078 2511 1242 2577 habendas
1270 2532 1342 2579 esse

225 2596 342 2681 quibus
365 2595 414 2662 illi
437 2616 512 2662 cum
535 2595 564 2663 G
586 2601 800 2664 consentiunt.
835 2599 906 2665 Hac
927 2599 1030 2682 igitur
1051 2597 1085 2663 in
1107 2598 1222 2682 primis
1244 2599 1344 2664 ratio·

224 2683 384 2749 cinatione
400 2681 619 2749 Baehrensius
642 2689 821 2752 commotus
843 2690 952 2752 estut
973 2685 1063 2750 illius
1086 2683 1206 2750 codicis
1228 2688 1345 2751 natura

223 2772 395 2921 perspecta
418 2768 459 2834 ad
474 2768 596 2835 Tibulli
618 2772 746 2836 textum
768 2775 855 2837 recte
879 2769 1141 2838 constituendum
1155 2770 1230 2853 plus
1245 2790 1343 2854 quam

252 2855 467 2921 achmannum
493 2856 640 2940 aliosque
668 2877 702 2922 se
725 2857 929 2941 praestitisse
949 2857 1104 2923 crederet.
1149 2857 1259 2940 Atque
1282 2856 1343 2922 hoo

224 2940 356 3025 quidem
379 2941 616 3008 concedendum
641 2946 701 3023 est,
731 2942 868 3009 sirecte
891 2943 1108 3010 Baehrensius
1129 2941 1215 3008 huno
1237 2943 1342 3008 solum

224 3026 368 3093 codicem
401 3028 575 3094 secundam
607 3027 698 3094 illam
729 3028 899 3110 familiam,
933 3049 1031 3113 quam
1059 3048 1166 3112 supra,
1200 3048 1275 3094 cum
1303 3028 1342 3094 de

224 3113 385 3201 excerptis
401 3111 558 3180 Parisinis
581 3134 720 3197 agerem,
743 3115 844 3180 altera
865 3134 929 3180 non
951 3114 1141 3182 deteriorem
1166 3134 1236 3181 esse
1259 3115 1342 3180 vidi-

223 3219 305 3280 mus,
329 3204 573 3282 repraesentare
596 3200 800 3281 iudicaverit,
824 3202 927 3266 multo
949 3201 1053 3284 pluris
1077 3221 1152 3266 cum
1167 3202 1342 3266 aestiman-

223 3285 300 3350 dum
327 3305 398 3351 esse
425 3306 521 3370 quam
550 3287 602 3352 vel
631 3288 770 3371 optimos
800 3287 935 3353 alterius
954 3286 1096 3353 familiae
1120 3287 1260 3368 codices,
1285 3287 1342 3372 qui

222 3370 306 3436 nihil
332 3372 397 3436 fere
427 3372 503 3439 boni
525 3371 665 3439 afferunt
686 3372 774 3458 quod
795 3393 859 3438 non
881 3393 921 3439 ex
941 3392 1006 3438 uno
1029 3373 1170 3440 alterove
1193 3373 1342 3440 eiusdem

223 3455 365 3522 familiae
386 3455 469 3523 libro
492 3461 605 3524 notum
620 3458 673 3539 sit
711 3458 774 3526 Sed
796 3461 905 3544 ipsum
919 3458 1153 3525 Baehrensium
1174 3479 1239 3525 non
1257 3460 1342 3542 fugit

223 3541 412 3607 affinitatem
434 3542 524 3609 illam
548 3564 629 3628 quae
650 3546 735 3612 inter
750 3551 902 3631 excerpta
921 3548 954 3612 et
968 3544 1111 3611 codicem
1127 3543 1156 3612 G
1170 3545 1343 3612 intercedit

222 3628 316 3710 longe
345 3628 440 3693 aliter
467 3648 506 3694 ex
530 3630 623 3696 lioari
650 3652 754 3718 posse.
799 3631 879 3699 Poni
908 3631 995 3703 enim
1021 3635 1130 3716 potest
1150 3632 1258 3697 virum
1281 3633 1340 3698 ali-

222 3733 318 3799 quem
340 3713 472 3780 dootum
522 3714 616 3782 ibulli
639 3720 805 3804 exemplar
827 3718 955 3784 collatis
977 3716 1137 3802 excerptis
1160 3719 1340 3785 correxisse

309 3917 318 3950 ¹
347 3917 447 3973 Ibidem
464 3930 527 3987 pag.
543 3916 604 3971 473.

309 3917 330 4054 'l
347 3987 478 4041 Praelatio
497 4001 558 4055 pag.
576 3987 649 4042 XIV.
