2988 4564
616 261 854 324 -72--

161 452 199 515 ut
224 448 304 514 haec
330 448 412 513 mira
437 466 647 514 numerorum
672 449 755 515 ratio
784 447 831 516 sio
858 448 981 517 eximia
1005 448 1063 514 illa
1089 448 1159 515 eius
1192 446 1281 517 modi

160 535 338 601 lectionum
358 534 393 599 in
415 534 477 599 hoc
500 533 641 599 carmine
665 535 792 602 bonitas
819 535 909 601 casui
930 534 1033 601 tribui
1055 539 1171 619 potest.
1216 534 1282 603 Sed

162 622 241 687 licet
262 623 409 701 fortasse,
432 619 506 687 sis
528 640 570 685 ex
591 620 703 687 codice
725 622 760 687 in
784 642 847 706 quo
872 621 1095 706 discrepantes
1111 626 1281 706 excerpto-

161 729 236 773 rum
257 708 437 790 scripturae
460 706 630 773 adnotatae
654 713 747 774 erant
769 708 989 792 compluribus
1004 707 1281 774 intercedentibus

162 793 357 877 apographis
380 794 563 859 (1661061060
586 813 657 860 6660
679 799 843 879 putamus,
869 797 1040 878 utramque
1062 815 1132 860 rem
1155 796 1204 859 ita
1225 810 1283 860 ex«

161 879 283 965 plicare
305 882 344 944 ut
363 879 523 959 librarios,
545 884 584 945 ut
606 880 719 962 solent,
743 882 777 948 in
799 882 904 964 primo
928 881 1070 946 carmine
1094 880 1282 949 601666661-

41 1024 45 1030 .
162 965 345 1032 0016110666
367 967 543 1031 intentiore
563 966 671 1031 animo
686 968 869 1052 respexisse
885 970 918 1033 et
932 967 1055 1032 maiore
1072 967 1282 1034 eamindicio

162 1052 247 1118 inter
280 1072 334 1118 eas
368 1052 504 1134 elegisse
537 1072 635 1136 quam
667 1059 782 1137 postea
814 1072 982 1138 ponamus.
1030 1053 1143 1138 ltaque
1173 1074 1214 1120 ne
1241 1074 1282 1127 ex

162 1138 239 1291 histe
243 1137 375 1223 quidem
400 1139 499 1224 061601
526 1138 679 1205 carminis
706 1140 901 1207 lectionibus
928 1139 1106 1223 quidquam
1133 1140 1283 1207 concludi

165 1244 206 1308 po
241 1229 280 1291 st.

248 1309 363 1395 Neque
387 1310 490 1392 magis
513 1313 716 1397 comprobari
738 1314 849 1396 potest
874 1312 1015 1376 alterum
1042 1316 1281 1393 argumentum,

163 1396 250 1482 quod
276 1398 310 1462 in
338 1395 527 1463 Baehrensii
554 1400 716 1465 sententia
741 1396 807 1463 alia
835 1397 1002 1463 occasione
1032 1398 1159 1481 prolata
1185 1399 1281 1467 inest,

162 1483 271 1565 Negat
296 1484 382 1549 enim
405 1484 461 1550 1116
490 1481 578 1570 (pag.
599 1483 660 1565 lll)
686 1484 785 1550 certis
814 1484 1015 1565 argumentis
1036 1483 1188 1550 Muelleri
1211 1506 1283 1552 sen-

162 1569 312 1651 tentiam,
340 1570 396 1654 qui
420 1571 641 1652 grammaticis
663 1570 754 1637 Italis
778 1574 932 1655 excerpta
953 1571 987 1635 in
1009 1570 1159 1637 manibus
1180 1571 1283 1639 fuisse

165 1656 355 1737 coniecerat,
372 1656 579 1741 'comprobari
601 1678 707 1743 posse.
752 1655 803 1722 De
826 1656 887 1722 heo
910 1661 1021 1722 autem
1043 1677 1077 1722 re
1100 1656 1282 1723 certissime

163 1743 241 1809 licet
261 1743 407 1809 iudicare
431 1763 472 1809 ex
493 1743 535 1810 iis
558 1762 641 1828 quae
662 1744 734 1829 ipse
756 1741 976 1808 Baehrensius
997 1742 1107 1809 tradit.
1145 1743 1196 1809 Αο
1215 1746 1284 1829 061Ἶ

164 1848 255 1894 mum
280 1828 410 1913 quidem
435 1829 638 1915 respicienda
664 1832 742 1895 sunt
767 1849 849 1913 quae
882 1829 938 1895 1116
968 1827 1055 1913 (060.
1080 1827 1139 1911 Vl>
1172 1835 1284 1899 contra

164 1914 363 1982 Lachmanni
391 1917 594 1995 sententiam,
629 1917 684 2000 qui
717 1915 846 1981 saeculo
875 1919 990 1999 quarto
1017 1915 1140 1981 decimo
1169 1937 1283 2000 quern·

165 2021 262 2085 quam
282 2000 402 2067 Tibulli
424 2003 568 2067 carmina
589 2002 706 2084 legisse
729 2006 912 2084 negaverat,
939 2021 1073 2086 prorsus
1100 2005 1187 2068 recte
1215 2002 1281 2068 dis-

164 2090 268 2170 00161.
316 2085 435 2152 Exstat
466 2088 553 2153 enim
585 2089 620 2154 in
655 2088 852 2155 bibliotheca
878 2086 1057 2153 Veronensi
1089 2087 1283 2168 florilegium

167 2193 250 2239 anno
270 2172 351 2236 1329
375 2173 542 2257 scripturn,
566 2194 584 2240 6
602 2194 665 2258 quo
682 2173 865 2241 Guilelmus
878 2171 1030 2256 Meyerus
1038 2170 1064 2252 ¹)
1078 2176 1145 2238 1666
1161 2172 1284 2239 Tibulli

164 2260 250 2325 locos
279 2257 424 2324 tradidit.
471 2259 597 2337 Quibus
630 2281 670 2325 ex
704 2258 784 2325 locis
818 2277 892 2322 oum
920 2257 962 2322 ad
990 2258 1213 2342 quaestionem
1242 2259 1282 2329 (16

165 2343 287 2410 Tibulli
320 2343 487 2411 codicibus
518 2344 614 2412 facile
648 2344 773 2430 aliquid
801 2345 884 2409 effici
910 2345 1025 2428 possit,
1058 2345 1184 2410 606116
1204 2350 1284 2412 016

164 2430 295 2517 Meyero
317 2430 491 2513 traduntur
510 2432 564 2497 hic
587 2430 735 2510 exhibeo,
759 2429 799 2496 de
821 2429 928 2514 iisque
950 2430 1048 2514 paulo
1064 2431 1168 2497 fusius
1185 2451 1283 2516 quam

165 2517 206 2582 ad
240 2535 313 2583 eam
344 2537 414 2584 rem
447 2517 487 2584 de
520 2538 584 2602 qua
615 2536 701 2583 nunc
734 2515 875 2582 maxime
909 2536 968 2599 600
997 2516 1282 2591 demonstrandum

165 2622 297 2756 pppesse
321 2607 372 2669 est
393 2603 576 2689 disputabo.
612 2602 667 2669 Sic
689 2603 790 2686 igitur
811 2602 846 2669 hi
867 2602 930 2669 loci
952 2601 993 2669 ab
1014 2601 1072 2668 illo
1095 2602 1204 2671 codice
1227 2625 1283 2670 ex*

190 2689 332 2756 'enturz

251 2775 328 2858 Peg.
350 2778 379 2857 1,
406 2774 464 2840 ool.
486 2774 519 2838 2:
552 2773 688 2841 Tibulus
713 2775 748 2840 in
773 2774 857 2840 libro
885 2773 924 2840 de
950 2774 1105 2841 felicitate
1129 2775 1283 2860 pauperis

166 2863 231 2929 vite
258 2859 298 2943 (1,
325 2862 355 2940 9,
382 2857 439 2941 23)
471 2858 521 2927 Ne
546 2861 608 2926 tibi
636 2861 775 2928 cellandi
808 2880 883 2944 spes
917 2861 961 2926 sit
993 2880 1125 2944 peccare
1155 2862 1283 2944 0666011

166 2947 228 3014 Est
249 2948 330 3014 deus
352 2946 496 3013 occultos
522 2947 580 3031 qui
605 2950 694 3013 vetat
720 2967 792 3014 6666
821 2946 922 3013 (10106.
966 2945 1039 3031 1060
1068 2945 1144 3012 (1606
1163 2967 1283 3032 ,somno

167 3033 306 3100 domitos
328 3033 478 3100 emittere
499 3053 613 3099 vocem
635 3033 722 3115 00011
743 3037 776 3100 61
794 3032 914 3099 invitos
933 3033 1003 3098 fata
1023 3031 1162 3114 tegenda
1184 3034 1282 3118 loqui.

253 3118 330 3202 Peg.
347 3120 399 3200 24,
416 3115 484 3201 2²):
507 3118 643 3186 Tibulus
660 3117 698 3202 (l,
715 3120 745 3201 4,
762 3117 819 3201 21)
841 3118 911 3187 Neo
929 3119 1036 3182 iurare
1052 3119 1132 3183 time
1148 3117 1283 3185 Veneris

166 3206 310 3291 periuria
342 3205 431 3271 venti
464 3205 560 3271 Irrita
592 3226 650 3290 per
683 3211 787 3272 terras
815 3209 849 3271 et
874 3205 969 3285 longa
996 3204 1079 3268 freta
1104 3204 1212 3269 ferunt
1240 3239 1282 3250 -

166 3291 256 3357 Idem
277 3288 317 3372 (l,
341 3292 371 3371 9,
395 3289 430 3372 3)
456 3290 509 3356 Ha
530 3291 630 3358 miser
657 3295 690 3358 et
717 3293 746 3358 si
774 3292 847 3375 quis
873 3290 977 3374 primo
1010 3287 1155 3372 periuria
1188 3290 1285 3357 collat

169 3376 247 3445 Sera
267 3381 379 3443 tamen
400 3377 509 3443 tacitis
531 3396 614 3462 pena
637 3378 724 3446 venit
746 3376 895 3462 pedibus.
1225 3386 1228 3391 ’

253 3461 380 3530 Horum
401 3464 711 3550 locorumprimnm
732 3483 796 3529 non
818 3482 858 3528 ex
880 3459 1002 3528 Tibulli
1028 3458 1139 3528 codice
1162 3461 1220 3529 sed
1243 3482 1283 3528 ex

167 3736 225 3771 rum
243 3719 311 3771 enirn
334 3722 517 3801 excerptorum
534 3734 566 3772 ea
588 3735 655 3787 quae
673 3734 705 3771 err
727 3717 812 3786 primo
836 3716 950 3770 carmine
973 3719 1078 3785 sumpta
1100 3721 1163 3771 sunt
1184 3720 1284 3769 sextam

167 3788 221 3840 fere
238 3787 567 3924 pdrtffiiieefgdiddduugen
594 3854 639 3907 der
665 3853 841 3922 Spruchrerse
864 3854 910 3907 des
932 3854 1064 3909 Publilius
1089 3849 1197 3921 Syrus“,
1223 3865 1283 3920 pag.

169 3921 202 3978 62
220 3923 334 4057 et'dgilx
351 4008 382 4045 eo
401 3992 472 4059 quod
491 3990 590 4043 Tibulli
612 4006 704 4043 versus
726 4007 781 4042 non
804 4006 858 4044 uno
884 3992 942 4044 loco
964 3990 1107 4044 afferuntur
1131 3957 1198 4042 nihil
1222 4004 1284 4042 con·

169 4061 239 4113 cludi
253 4064 350 4128 potest,
363 4062 425 4127 quia
437 4060 482 4127 qui
493 4061 543 4113 hoc
555 4059 712 4127 florilegium
724 4061 871 4129 composuit
882 4077 968 4113 rerum
980 4060 1099 4114 ordinem
1115 4062 1222 4112 secutus
1236 4060 1284 4110 est.

1482 729 1493 765 1
