2988 4564
672 308 864 371 ..g-

208 497 352 580 putatur,
365 514 415 576 an,
426 494 513 580 quod
521 493 738 561 Baehrensias
750 492 986 578 (,Tibullische
994 490 1137 563 Blatter“
1150 516 1222 582 pag.
1237 497 1326 580 aad.)

209 581 383 663 contendit,
414 580 600 666 Lygdamus
633 581 796 666 Ovidium,
821 583 1026 669 expresserit.
1090 582 1182 651 Haec
1215 588 1326 651 autem

208 670 354 753 quaestio
377 669 531 752 quoniam
548 689 639 755 nunc
662 667 704 734 ad
730 669 827 735 finem
857 670 993 754 perduci
1014 691 1079 736 non
1101 670 1326 755 1116111111-

207 755 315 836 terim,
348 774 431 838 quae
458 759 508 821 est
535 775 607 821 mea
634 757 804 838 sententia,
838 755 1043 842 Lygdamum
1067 757 1107 823 ab
1132 757 1246 824 Ovidio
1270 779 1326 825 ex·

207 862 358 926 pressum
392 861 464 908 esse
492 861 588 925 pono,
623 842 782 926 facileque
815 848 895 926 puto
929 863 982 909 eos
1027 844 1061 909 ui
1094 847 1199 910 totum
1230 845 1325 913 illum

209 927 317 994 Ovidii
335 929 443 993 locum
458 949 522 994 non
537 932 775 1029 praeoccupata
790 934 896 995 mente
912 950 984 995 cum
1001 864 1028 996 L

1030 929 1161 1013 ygdami
1178 932 1326 997 versibus

208 1015 466 1099 comparaverint
491 1015 573 1080 miln
595 1034 802 1081 concessuros
830 1035 901 1083 esse
926 1016 1089 1098 Ovidium,
1119 1021 1158 1082 ut
1185 1019 1326 1103 saepius,

208 1102 350 1167 maxime
366 1102 399 1165 in
415 1105 483 1167 arte
500 1103 667 1182 amatoria,
685 1102 721 1167 id
735 1102 802 1184 egit
816 1106 854 1168 ut
868 1104 1047 1169 carminum
1068 1123 1151 1187 quae
1174 1123 1326 1171 vocamus

209 1188 371 1254 didactica
397 1187 536 1254 colorem
558 1189 745 1273 pericuum
771 1188 966 1271 imitaretur,
993 1190 1040 1255 sic
1062 1190 1122 1256 hoc
1145 1191 1216 1256 loco
1240 1190 1326 1277 Lyg-

208 1275 295 1341 dami
317 1275 383 1340 illis
405 1274 552 1341 versibus
584 1276 632 1341 ita
665 1296 761 1341 usum
788 1295 859 1342 esse
882 1279 920 1341 ut
941 1295 1024 1359 quae
1056 1277 1112 1343 ille
1145 1279 1325 1359 magnificis

207 1362 315 1428 verbis
336 1360 376 1427 de
398 1363 577 1427 amantium
601 1360 765 1427 doloribus
788 1363 991 1443 gravissimis
1013 1362 1180 1447 praedicat
1203 1384 1325 1431 66161-

206 1450 291 1515 vatis
313 1449 379 1513 illis
401 1448 580 1531 magnificis
602 1448 711 1514 verbis
734 1448 775 1512 ad
797 1449 981 1515 levissimos
1004 1448 1130 1516 dolores
1159 1450 1324 1516 fallacium

206 1540 388 1601 amatorum
415 1536 511 1602 furtis
539 1535 698 1600 excitatos
725 1535 924 1601 transferret.
976 1533 1042 1602 Sed
1068 1537 1218 1621 quoniam
1246 1537 1325 1603 haec

207 1623 321 1688 sentiri
341 1621 470 1688 facilius
493 1641 591 1706 quam
614 1622 734 1705 exponi
756 1624 900 1705 possunt,
926 1641 976 1686 ne·
989 1621 1028 1688 de
1050 1622 1110 1688 hac
1133 1624 1268 1707 quidem
1290 1644 1325 1690 re

206 1708 301 1793 plura
322 1707 416 1773 addo.
452 1708 525 1793 lpse
542 1711 648 1773 autem
666 1706 761 1772 Ovidi
783 1708 873 1773 locus
889 1707 1014 1774 duobus
1037 1708 1142 1776 modis
1166 1710 1324 1795 explicari

206 1848 413 1858 ---—--—-

295 1910 314 1976 ¹)
332 1910 486 1964 Baehrensii
502 1911 660 1963 sententiam
678 1911 768 1963 multis
787 1911 926 1964 arrisuram
944 1927 1002 1965 6116
1019 1916 1093 1982 puto,
1111 1914 1246 1982 non'quia
1259 1916 1337 1980 satis·

206 1983 329 2050 1111111111
354 1980 516 2048 argumentis
542 1981 649 2047 nitatur,
677 1981 723 2032 scd
750 1981 873 2047 quonlam
899 1996 947 2049 per
969 1997 997 2034 16
1024 1984 1161 2050 proniores
1182 1999 1272 2036 sumus
1290 1984 1323 2037 ad

207 2051 376 2105 statuendum
394 2065 427 2103 61
445 2050 540 2117 ovidii,
564 2053 658 2118 poetae
675 2050 890 2117 ingeniosissimi,
916 2053 1046 2118 poematis
1064 2051 1228 2120 Lygdamum
1247 2068 1323 2120 quam

206 2137 238 2174 61
256 2121 390 2189 Lygdamo
410 2118 532 2171 Ovidium
555 2120 684 2172 hausisse.
721 2120 822 2172 Tamen
843 2135 900 2170 eum
922 2135 977 2173 non
1003 2124 1072 2174 16616
1099 2122 1232 2175 iudicasse
1258 2123 1324 2177 mihi

206 2191 311 2258 quidem
323 2203 477 2258 persuasum
488 2192 536 2241 est.
572 2187 759 2242 Gravissimum
778 2189 848 2243 enim
866 2193 956 2241 contra
975 2205 1048 2242 suam
1067 2192 1226 2245 seutentiam
1244 2206 1322 2258 argu-

206 2264 322 2313 mentum
340 2260 398 2327 ipso
417 2258 512 2324 attigit.
549 2256 613 2310 Cum
632 2258 701 2309 enim
718 2258 776 2309 noti
793 2256 833 2309 illi
850 2257 978 2326 Lygdaml
997 2275 1088 2312 versus
1107 2258 1165 2327 (lli,
1184 2258 1208 2327 5,
1228 2259 1271 2326 17)

358 2326 476 2381 Natalem
496 2326 580 2393 primo
598 2330 717 2379 nostrum
733 2326 822 2378 1111116
839 2329 963 2394 parentes

408 2411 468 2448 cum
486 2396 581 2448 cecidit
597 2396 651 2449 fato
671 2395 763 2451 consul
780 2402 891 2463 uterque
909 2396 967 2464 pari

207 2483 266 2519 eum
286 2465 372 2520 Ovidii
389 2465 447 2518 loco
539 2489 540 2493 =

357 2533 451 2586 Editus
468 2532 531 2585 hino
550 2546 597 2598 ego
617 2548 682 2598 sum,
700 2547 749 2584 nec
766 2548 822 2584 non
837 2535 869 2584 ut
885 2535 1004 2600 tempora
1022 2533 1103 2599 uarie,

410 2617 468 2653 cum
488 2600 581 2652 cecidit
598 2599 653 2652 fato
672 2599 764 2652 consul
781 2603 892 2666 uterque
909 2600 967 2667 pari

113 2656 115 2659 ¹
206 2671 262 2723 sine
281 2671 361 2724 dubio
380 2671 544 2735 cohaereant,
567 2683 677 2735 cumque
693 2668 739 2720 1116
758 2667 844 2720 Ovidii
865 2669 940 2720 locus
963 2671 1049 2720 exstet
1066 2667 1095 2719 in
1113 2667 1169 2720 cius
1188 2669 1321 2721 Tristibus

205 2740 260 2807 (IV,
272 2740 356 2808 10,5),
376 2754 443 2807 quac
461 2753 531 2791 anno
555 2736 693 2805 13110111
711 2754 737 2790 n.
756 2737 826 2791 adita
844 2741 914 2804 sunt,
932 2751 1042 2793 11666116
1058 2740 1099 2789 611
1117 2752 1150 2788 cx
1167 2737 1322 2791 Baehrensii

206 2810 337 2863 sententia
349 2809 512 2878 Lygdamum
529 2807 589 2859 illos
607 2822 697 2861 versus
715 2810 777 2874 post
793 2807 864 2860 hunc
881 2822 987 2873 annum,
1006 2805 1023 2858 i.
1037 2821 1059 2858 e.
1072 2806 1179 2858 minime
1192 2807 1321 2874 quinqua-

205 2878 280 2945 ginta
297 2882 407 2947 quatuor
425 2892 509 2929 annos
521 2880 613 2928 natum
631 2876 777 2943 scripsisse.
813 2876 895 2943 Atqui
913 2876 999 2944 pergit
1014 2874 1165 2943 Lygdamus
1184 2874 1212 2927 in
1230 2876 1321 2928 eodem

206 2948 320 2999 carmine
338 2951 399 3015 post
416 2961 508 2998 versus
527 2960 606 3011 supra
623 2944 744 2997 laudatos
765 2945 813 2996 ita:

358 3016 427 3079 Quid
445 3014 566 3066 fraudare
583 3013 656 3066 iuvat
671 3014 750 3066 ritem
768 3013 945 3066 crescentibus
962 3012 1020 3064 uvis

407 3087 433 3135 61
450 3083 527 3136 modo
545 3085 609 3137 nata
625 3083 694 3138 mala
709 3082 806 3135 1611116
822 3097 900 3150 poma
919 3079 1016 3135 manu?

203 3153 358 3221 Largiamur
368 3152 529 3207 Baehrensio
547 3153 596 3205 hos
615 3166 719 3221 quoque
736 3166 827 3204 1611111
847 3153 879 3205 ab
894 3149 987 3203 Ovidio
1006 3151 1127 3216 sumptos
1145 3164 1212 3216 esse,
1232 3165 1321 3217 quam·

205 3239 282 3290 quam
300 3238 331 3274 ea
346 3224 425 3275 verba
444 3223 539 3290 quibus
557 3221 668 3272 maxime
686 3220 791 3288 probari
809 3221 859 3273 hoo
877 3219 1036 3272 Baehrensio
1053 3218 1158 3270 videtur
1169 3233 1203 3271 ne
1216 3222 1321 3272 exstant

204 3292 309 3359 quidem
328 3291 397 3359 apud
418 3291 547 3356 Ovidium,
571 3295 667 3355 tamen,
689 3292 719 3341 ut
737 3289 824 3342 omnia
842 3289 1023 3354 concedamus,
1048 3287 1118 3340 credi
1140 3302 1247 3354 prorsus
1265 3304 1321 3340 non

202 3364 292 3427 potest
308 3360 349 3412 161
366 3360 561 3429 ineptissimum
583 3363 696 3426 poetam,
718 3358 836 3411 simodo
854 3358 950 3409 mentis
968 3372 1075 3425 compos
1094 3360 1157 3422 erat,
1178 3359 1320 3425 postquam

203 3430 335 3496 expressis
347 3431 433 3483 verbis
452 3429 645 3496 quinquaginta
663 3430 775 3494 quatuor
792 3442 877 3481 annos
894 3434 986 3480 nanum
1004 3440 1107 3478 essese
1126 3425 1201 3491 dixit,
1219 3441 1248 3479 16
1260 3442 1320 3478 cum

202 3499 288 3565 pomis
314 3499 391 3551 modo
419 3500 489 3552 natis
516 3512 665 3566 comparare
692 3497 818 3564 potuisse.
854 3497 993 3549 Praeterea
1010 3494 1198 3547 Baehrensium
1219 3495 1319 3562 fiagisse

202 3567 305 3620 videtur
323 3567 393 3635 quod
411 3568 440 3619 in
456 3567 548 3620 eodem
565 3566 678 3618 carmine
693 3564 744 3617 16
763 3566 821 3634 ipse
839 3568 918 3632 poeta
935 3565 1055 3616 iuvenem
1073 3578 1102 3614 sc
1120 3562 1192 3615 dicit.
1227 3564 1320 3631 Itaque

202 3635 252 3687 hoc
270 3652 375 3688 carmen
396 3636 486 3687 multis
510 3636 586 3687 annis
610 3639 671 3687 ante
690 3634 777 3686 Ovidii
795 3634 893 3686 Tristia
910 3633 981 3686 edita
999 3631 1177 3698 conscriptum
1195 3646 1253 3685 esse
1270 3649 1319 3700 pro

203 3709 273 3758 certo
295 3704 419 3758 contendi
440 3707 535 3771 potest.
577 3703 646 3756 Sane
665 3703 787 3755 Ovidium
809 3703 939 3770 Lygdami
964 3702 1121 3754 imitatorem
1146 3700 1230 3752 1111116
1255 3702 1320 3754 mihi

203 3788 307 3842 quoque
324 3774 437 3827 maximo
455 3773 550 3826 mirum
567 3773 677 3837 videtur,
701 3772 747 3825 sed
770 3774 910 3826 occurrunt
932 3772 1010 3825 etiam
1032 3769 1104 3838 apud
1127 3769 1206 3822 huius
1225 3771 1319 3824 astaus

202 3847 294 3910 poetas
311 3844 394 3897 multa
412 3857 478 3911 quae
495 3856 545 3894 nos
561 3857 634 3893 nunc
651 3841 782 3909 explicare
792 3857 847 3894 non
858 3855 1009 3920 possumus,
1025 3840 1104 3901 161111,
1123 3842 1153 3890 ut
1171 3839 1319 3911 exemplum

203 3913 353 3980 eproximo
400 3916 476 3977 etam,
501 3910 561 3979 ipsa
586 3909 632 3962 illa
660 3910 803 3962 carminum
829 3911 878 3962 sub
906 3907 1007 3962 Tibulli
1033 3907 1138 3960 nominc
1164 3908 1318 3960 traditorum

202 3983 331 4037 collectio.
367 3928 419 4035 Sped
438 3981 562 4033 debemus
580 3979 610 4030 in
632 3978 730 4033 1611111111
755 3976 920 4046 acquiescere
942 3991 1114 4045 nequaquan
1133 3976 1319 4030 dubitarinon

202 4056 315 4119 possunt
333 4051 455 4104 futilibus
475 4048 633 4102 coniecturis
651 4052 760 4103 tentare.
