2988 4564
631 311 869 376 -101-

343 496 433 565 Tunc
456 499 588 583 operata
609 496 670 564 deo
690 496 793 582 pubes
816 495 1000 566 discumbet
1020 496 1055 563 in
1077 494 1186 578 1111111,Ι

393 585 517 651 arboris
540 585 692 668 antiquae
714 583 879 669 qualevis
900 586 1017 652 umbra
1038 583 1135 664 cadit,

346 675 404 737 aut
426 691 443 737 1
467 674 556 738 veste
579 691 638 736 sua
659 670 794 737 tendent
815 670 1004 737 umbracula
1026 669 1122 737 sertis

383 758 513 840 uincta,
535 760 706 823 coronatus
728 757 828 823 stabit
850 760 883 823 11
905 754 979 824 ante
1002 757 1095 823 calix.

344 841 391 908 At
412 843 475 910 sibi
496 844 632 927 quisque
656 842 756 927 dapes
779 846 813 910 et
834 844 933 909 festas
959 846 1104 909 exstruet
1126 840 1190 907 alte

395 930 591 1014 caespitibus
613 949 742 995 mensas
765 928 1025 1014 caespitibusque
1046 933 1164 995 torum.

192 1013 304 1097 Fingit
328 1015 428 1098 igitur
454 1019 551 1099 poeta
575 1014 694 1099 pubem
717 1014 973 1081 discumbentem
998 1019 1055 1081 aut
1077 1013 1137 1080 sub
1160 1012 1311 1078 arborum

191 1101 307 1167 umbra
329 1105 387 1166 aut
411 1101 471 1167 sub
493 1102 652 1185 tentoriis,
676 1100 763 1185 quod
784 1101 831 1168 ita
852 1103 888 1167 fit
909 1105 947 1167 ut
969 1100 1167 1186 caespitibus
1182 1119 1311 1164 mensas

191 1190 344 1270 torosque
368 1191 547 1255 exstruant.
592 1185 645 1253 Sic
668 1190 744 1253 sunt
766 1188 874 1253 omnia
894 1188 1073 1272 perspicua.
1119 1186 1187 1251 lam
1203 1187 1312 1249 autem

193 1292 268 1338 cum
284 1272 481 1340 Baehrensio
505 1271 687 1357 eiusqueG
709 1292 843 1357 reponas
862 1294 954 1339 versu
973 1274 1014 1337 99
1036 1270 1130 1356 „ant“
1153 1290 1211 1356 pro
1229 1267 1312 1351 „at“‚

195 1362 228 1424 et
255 1361 364 1426 omnia
389 1361 455 1426 iam
481 1359 613 1426 turbata
638 1362 723 1425 sunt.
773 1358 920 1426 Tertium
953 1360 1038 1426 enim
1071 1359 1154 1425 illud
1185 1360 1313 1422 tanturn

196 1443 289 1511 abest
311 1449 350 1512 ut
376 1447 457 1513 duas
484 1445 709 1514 antecedentes
736 1446 879 1512 actiones
906 1445 1056 1512 excludat
1081 1450 1119 1511 ut
1140 1446 1250 1512 contra
1271 1440 1313 1508 ad
1444 1478 1451 1483 ·

199 1549 310 1596 earum
330 1535 502 1617 utramque
525 1532 730 1598 referendum
753 1533 806 1599 sit.

282 1616 320 1695 H,
338 1620 368 1697 5,
385 1618 447 1681 103
463 1617 492 1685 G
510 1617 626 1700 „iam“‚
649 1616 969 1700 1111111111111,,11111ιι
986 1617 1153 1703 praebent,
1174 1635 1315 1731 quorum

193 1703 368 1801 utrumque
392 1704 609 1855 11111Ᾰ111111,
632 1725 827 1789 quamquam
849 1705 902 1771 hic
925 1724 1052 1790 quoque
1077 1724 1170 1786 „nam
1214 1701 1312 1787 paulo

195 1807 299 1869 magrs
323 1789 405 1854 mihi
427 1791 484 1873 qui
508 1810 560 1856 ern
582 1790 696 1875 placet.

279 1872 401 1939 Versus
426 1874 466 1956 11,
497 1877 526 1956 6,
551 1877 570 1940 8
596 1877 689 1944 valde
715 1877 848 1943 vexavit
875 1875 1024 1942 editores.
1074 1872 1183 1959 Atque
1209 1872 1312 1939 Baeb-

195 1959 321 2025 rensius
344 1960 477 2042 quidem
499 1981 517 2026 1
539 1959 569 2027 G
590 1963 726 2047 recepit:

346 2044 419 2130 Ipse
441 2047 508 2112 levi
530 2048 624 2129 galea
645 2049 703 2131 qui
725 2047 787 2113 sibi
809 2049 916 2131 portet
938 2066 1066 2131 aquam,
1300 2096 1308 2111 .

194 2128 279 2214 quod
302 2133 453 2198 confiteor
474 2153 527 2199 me
549 2152 613 2198 non
635 2132 836 2214 intellegere.
881 2131 966 2199 Nam
989 2151 1186 2217 quamquam
1209 2134 1315 2197 certae

192 2216 303 2298 galeae
326 2217 413 2283 leves
436 2218 502 2284 dici
524 2222 682 2303 poterant,
704 2221 814 2284 tamen
836 2238 894 2283 our
917 2219 971 2285 hio
992 2220 1082 2285 leves
1109 2239 1181 2285 esse
1202 2218 1313 2301 galeae

191 2303 225 2368 in
247 2303 435 2369 universum
469 2305 619 2370 dicantur
648 2324 711 2371 non
747 2307 890 2388 apparet.
938 2303 1048 2389 Atque
1078 2305 1229 2389 equidem
1250 2324 1316 2369 non

193 2387 306 2456 dubito
322 2390 401 2473 quin
414 2410 528 2455 verum
544 2391 588 2456 sit
603 2390 691 2474 quod
705 2390 738 2455 11
755 2390 872 2456 ceteris
888 2390 980 2456 libris
996 2391 1154 2476 scriptum
1170 2394 1236 2456 est:

345 2474 418 2559 Ipse
441 2476 543 2542 levem
563 2477 654 2558 galea
675 2476 731 2559 qui
754 2475 818 2541 sibi
840 2478 948 2559 portet
969 2495 1097 2560 aquam,

196 2579 393 2645 quamquam
421 2562 455 2628 id
481 2562 578 2644 vulgo
604 2580 668 2627 non
695 2565 783 2626 recte
818 2561 1008 2645 explicatur.
1058 2561 1197 2629 Videtur
1230 2562 1315 2626 enim

197 2645 313 2725 „levis“
336 2651 533 2732 perpetuum
556 2667 657 2731 aquae
682 2646 847 2731 epitheton
869 2665 951 2728 esse,
970 2667 1035 2732 quo
1059 2648 1093 2714 id
1118 2647 1318 2729 significatur

195 2730 283 2815 quod
305 2752 367 2798 non
391 2733 538 2800 consistit
560 2733 618 2800 sed
640 2732 735 2798 facile
758 2735 918 2809 movetur,
942 2751 1004 2816 quo
1021 2754 1117 2800 sensu
1131 2733 1202 2799 loco
1218 2753 1318 2818 supra

195 2816 326 2883 laudato
354 2817 543 2901 (11196)
575 2815 836 2901 ᾖ1111111111111ίζ
867 2817 995 2883 dicitur.
1039 2818 1089 2886 De
1116 2819 1198 2903 ipsis
1219 2817 1316 2884 undis

198 2902 312 2968 eodem
342 2905 485 2988 epitheto
513 2905 626 2971 eadem
649 2904 809 2980 sententia
830 2904 935 2970 utitur
958 2903 1105 2984 Ovidius,
1131 2925 1184 2971 ars
1207 2925 1268 2970 am.
1292 2903 1316 2986 Ι,

199 2988 272 3068 761,
295 2989 455 3057 adiectivo
481 2988 638 3072 „facilis“‚
659 2989 746 3075 quod
768 2990 809 3056 ab
831 2989 932 3054 altero
955 3009 1020 3055 non
1041 2990 1179 3056 multum
1197 2989 1317 3057 discre-

198 3076 265 3158 pat,
288 3072 476 3156 Lygdamus
497 3077 551 3157 Hl,
568 3076 666 3159 131,
687 3075 749 3142 Pro
773 3076 875 3141 entius
895 3074 986 3155 111,
1006 3076 1044 3140 12
1066 3076 1232 3158 multaque
1254 3076 1319 3142 alia

196 3160 348 3244 exempla
368 3160 475 3228 afferri
519 3183 591 3229 osse
614 3165 704 3247 puto.
745 3096 829 3227 gano
854 3160 905 3227 his
930 3160 1098 3228 adiectivis
1124 3161 1317 3247 plerumque

199 3249 333 3312 utuntur
355 3183 526 3332 1111111111
542 3249 723 3328 fluminum,
739 3248 879 3326 lacuum,
893 3248 994 3314 maris
1010 3246 1175 3331 aquaead
1194 3248 1317 3313 nullam

199 3333 297 3397 aliam
319 3333 359 3398 ob
382 3354 514 3400 causam
535 3336 600 3401 nisi
622 3334 710 3419 quod
733 3332 772 3400 de
797 3354 909 3399 eorum
932 3353 1017 3417 aqua
1037 3332 1227 3417 plerumque
1250 3333 1318 3414 agi-

199 3419 267 3496 tur3
290 3435 349 3499 per
371 3438 405 3483 se
428 3419 510 3484 111111
533 3419 641 3486 obstat
661 3439 725 3504 quc
748 3420 856 3485 minus
879 3420 991 3486 eodem
1014 3419 1109 3485 modo
1130 3418 1169 3484 de
1186 3437 1270 3503 aqua
1284 3419 1318 3483 in

198 3500 293 3582 galea
325 3506 463 3584 portata,
497 3522 580 3587 quae
612 3526 675 3571 non
704 3505 919 3572 moderante
949 3505 1132 3572 sedetiam
1160 3502 1318 3588 portando

197 3588 354 3667 movetur,
376 3588 467 3673 loqui
487 3589 591 3655 liceat.

284 3670 334 3737 De
362 3674 510 3740 versibus
537 3674 591 3756 Ill,
622 3676 651 3758 1,
674 3677 693 3739 9
715 3674 748 3741 ff.
776 3677 849 3743 nolo
874 3675 1008 3742 uberius
1036 3675 1214 3760 disputare,
1242 3675 1319 3760 quia

201 3760 236 3822 11
261 3776 300 3823 11
325 3756 423 3826 huius
448 3759 513 3825 loci
538 3760 642 3826 forma
667 3780 764 3845 quam
786 3761 985 3828 Lachmanni
1010 3761 1109 3828 editio
1130 3761 1265 3846 praebet
1287 3766 1320 3828 et

202 3863 242 3908 ea
270 3862 367 3928 quam
390 3845 606 3912 Baehrensius
630 3850 830 3913 commentus
856 3852 1051 3914 ostreatum
1073 3869 1202 3914 sensum
1224 3868 1319 3933 prae-

201 3928 277 3995 bere
310 3930 391 3995 mihi
427 3930 585 3996 videntur.
640 3930 785 4016 Utraque
817 3937 928 3998 autem
958 3935 1062 4000 forma
1094 3933 1319 4001 emendatione

201 4014 314 4083 effecta
328 4021 389 4105 est,
405 4016 603 4085 Lachmanni
617 4038 682 4085 una
696 4019 794 4103 paulo
809 4018 965 4101 graviore,
988 4020 1177 4088 Baehrensii
1192 4021 1319 4089 duabus
