2988 4564
584 244 829 308 -106-

140 429 246 495 tivum
281 431 391 495 autem
425 448 443 493 1
478 430 575 495 verbo
608 431 798 515 quiescendi
830 433 865 497 in
892 451 990 498 versu
1018 433 1132 517 quinto
1161 434 1267 517 posito

142 515 285 600 pendere
306 515 445 599 putavit,
468 514 550 580 illud
573 520 661 582 certe
683 520 791 583 favere
813 517 943 584 videtur
960 518 1049 602 quod
1063 519 1117 584 via
1132 518 1190 585 illa
1204 539 1267 585 non

139 602 337 685 tempestiua
364 601 420 666 vix
441 605 551 685 potest
573 602 668 669 aliter
690 604 836 685 intellegi
858 624 956 687 quam
979 603 1020 669 de
1041 604 1159 671 itinere
1181 605 1268 690 quod

143 686 307 772 Sulpiciae
328 687 451 752 invitae
471 688 657 754 iaciendum
680 694 739 755 est.
775 689 896 755 Tamen
908 711 988 755 num
1003 690 1051 756 sic
1064 693 1103 756 ut
1119 688 1268 774 Ungerus

140 776 236 858 putat
252 770 416 857 Sulpiciae
437 773 528 858 loqui
549 773 681 840 licuerit
702 775 796 841 valde
819 775 941 841 dubito.
977 772 1060 841 Cum
1075 777 1175 859 igitur
1190 797 1269 842 vera

140 859 237 925 huius
270 858 333 925 loci
366 861 473 924 forma
506 859 596 941 mihi
630 865 669 926 ut
701 860 899 927 Baehrensio
934 879 1063 946 quoque
1071 861 1107 943 ¹),
1143 863 1269 929 incerta

142 945 292 1011 videatur
325 964 405 1025 esse,
439 948 515 1010 utra
545 946 692 1013 codicum
723 948 886 1031 scriptura
916 947 958 1013 ad
989 967 1105 1013 verum
1134 951 1267 1033 propius

142 1031 276 1097 accedat
297 1032 331 1097 in
355 1032 491 1097 obscuro
514 1032 763 1117 relinquendum
786 1038 845 1099 est.

227 1117 387 1184 Ultimum
411 1117 560 1184 eiusdem
584 1120 736 1185 carminis
759 1118 935 1186 distichon:

292 1201 356 1269 Hic
378 1203 523 1269 animum
546 1223 725 1289 sensusque
748 1225 837 1271 meos
860 1204 1000 1271 abducta
1021 1203 1180 1289 relinquo,

345 1288 480 1354 arbitrio
503 1292 651 1374 quamvis
674 1311 738 1357 non
760 1292 841 1357 sinis
864 1311 936 1357 esse
959 1310 1041 1372 mco,
1242 1308 1245 1353 5

140 1375 188 1440 sic
210 1373 251 1440 ab
271 1372 415 1459 Hauptio
438 1375 543 1460 primo
567 1378 631 1442 scri
654 1380 726 1442 tum
749 1380 809 1457 est,
855 1376 1010 1458 raeclara,
1030 1381 1069 1443 ut
1090 1376 1172 1442 mihi
1194 1378 1267 1461 qui-
1348 1376 1351 1380 ’

140 1459 215 1526 dem
236 1460 366 1526 videtur
386 1463 562 1527 sententia:
588 1514 604 1544 „
642 1483 660 1528 1
682 1463 762 1529 licet
784 1397 942 1544 abducam
969 1463 1114 1528 animum
1136 1483 1267 1530 sensus-

140 1565 203 1630 que
227 1566 315 1612 meos
337 1547 496 1631 impedire
520 1568 572 1614 me
595 1569 660 1615 non
706 1553 775 1615 otes
798 1569 861 1634 quo
877 1550 987 1615 minus
1002 1549 1055 1615 hic
1069 1549 1266 1633 relinquam3

139 1652 203 1697 non
229 1633 317 1698 enim
346 1635 423 1699 suut
444 1634 495 1699 tui
517 1632 630 1700 iuris“.
675 1569 712 1701 dd
734 1637 843 1719 ipsum
865 1639 976 1701 autem
998 1636 1096 1701 etiam
1119 1634 1268 1702 codicum

139 1719 333 1784 auctoritate
354 1719 480 1784 nititur,
517 1718 614 1787 Solus
631 1719 904 1806 Guelferbytanus
920 1741 994 1788 cum
1010 1741 1111 1806 eoque
1126 1721 1267 1788 Paccius

141 1803 298 1871 exhibent
323 1804 477 1904 „arbitrio
503 1808 657 1907 quoniam
679 1827 744 1872 non
766 1808 846 1874 sinis
869 1827 940 1873 esse
955 1805 1057 1888 meo“,
1080 1808 1168 1892 quod
1186 1806 1268 1908 mihi

139 1890 1266 2076 1111111111111111111111

139 2062 278 2127 vrdetur.
338 2062 459 2129 Tamen
491 2062 719 2132 Lachmannus
755 2064 809 2130 hio
843 2064 999 2129 Pucoium
1032 2067 1162 2131 secutus
1195 2065 1265 2129 eius

138 2147 313 2213 lectionem
327 2148 435 2214 iudea
450 2148 657 2217 Broukhusio
672 2151 838 2233 vulgatam
859 2150 1004 2230 retinuit,
1025 2153 1064 2214 ut
1078 2150 1159 2214 mihi
1175 2148 1265 2214 vide-

32 2242 35 2245 ’
139 2238 213 2315 tur„
236 2254 302 2299 non
334 2233 422 2385 31111
458 2241 616 2319 quantum
649 2235 753 2301 altera
779 2235 942 2385 scrisstura
974 2238 1156 2318 praestaret
1189 2254 1266 2300 eum

138 2320 276 2402 fugeret,
300 2340 334 2385 se
378 2322 499 2404 partim
513 2321 625 2386 Paccii
647 2340 746 2404 quam
767 2324 848 2404 puta
871 2322 905 2384 at
926 2320 1120 2386 auctoritate
1137 2319 1266 2400 ductus,

139 2406 281 2471 maxime
310 2409 431 2486 autem,
458 2411 497 2471 ut
522 2410 612 2492 puto,
641 2408 720 2490 qnia
740 2405 822 2473 haec
844 2406 989 2471 carmina
1011 2426 1031 2472 a
1052 2406 1180 2473 Tibullo
1202 2426 1265 2473 non

139 2491 1266 2662 11111111111..1111111111

469 2628 484 2660 >i
1258 2628 1266 2659 7

309 2663 316 2679 .
557 2662 569 2699 ,
858 2664 865 2678 .
949 2664 956 2678 .
1204 2664 1211 2679 .

140 2662 724 2835 111111111111
750 2685 830 2817 tlt
852 2665 1268 2834 1111111111

139 2840 178 2902 ut
200 2835 270 2901 eius
293 2835 525 2919 praestantiam
549 2837 694 2921 potuisse
717 2855 914 2920 quemquam
936 2835 1048 2916 fugere
1071 2836 1127 2901 vix
1143 2835 1266 2916 credas,

140 2923 283 3007 spretam
306 2941 377 2987 esse
400 2942 420 2986 1
433 2920 600 3004 Muellerc,
625 2941 823 3007 quamquam
837 2920 894 2985 ille
908 2919 1026 2986 Pucoio
1042 2921 1125 2987 nihil
1137 2921 1266 3002 tribuit3

140 3007 249 3073 minus
271 3007 371 3072 miror
393 3006 628 3087 Baehrensium
650 3008 703 3074 hic
726 3027 856 3092 quoque
879 3004 1129 3091 Guelferbytani
1151 3008 1265 3077 auoto-

140 3093 231 3159 ritati
253 3094 361 3158 omnia
381 3092 620 3177 posthabuisse.

227 3178 305 3245 Tres
338 3180 396 3263 qui
427 3183 552 3245 restant
577 3180 663 3246 locos
689 3178 756 3243 iam
785 3197 885 3264 supra
910 3180 1059 3259 tractavi,
1092 3175 1147 3258 IV,
1173 3178 1223 3256 11,
1246 3177 1266 3237 4

140 3284 213 3348 pag.
238 3266 336 3346 441,
359 3262 414 3345 IV,
440 3265 534 3345 13,3
566 3262 816 3347 eth,13,15
861 3284 911 3345 ag.
935 3266 986 3327 48.
1031 3262 1130 3330 Nullo
1157 3265 1266 3327 autem

140 3350 256 3416 horum
284 3350 430 3418 locorum
455 3369 514 3433 pro
541 3352 628 3416 certo
660 3350 696 3416 id
725 3349 812 3433 quod
838 3283 868 3415 d
893 3348 1028 3416 exhibet
1052 3368 1167 3415 verum
1193 3368 1266 3415 esse

141 3441 290 3505 constare
312 3435 394 3501 mihi
417 3434 556 3501 videtur.

229 3521 316 3589 Satis
342 3520 514 3605 perspicue
543 3521 607 3586 iam
636 3540 677 3586 ex
701 3520 846 3586 omnium
873 3519 988 3587 horum
1017 3520 1162 3587 locorum
1190 3541 1266 3587 oon·

140 3609 351 3694 templatione
384 3626 539 3691 apparere
573 3607 656 3674 mihi
688 3607 819 3673 videtur
851 3606 996 3674 codicem
1025 3606 1054 3674 G
1088 3627 1108 3672 a
1134 3607 1266 3674 librario

229 3758 249 3824 1)
267 3759 356 3826 Ipsius
379 3758 535 3812 Baehrensii
559 3759 736 3811 coniecturam
759 3761 793 3813 ab
816 3775 847 3812 eo
870 3760 1021 3814 dubitanter
1044 3761 1073 3811 in
1095 3760 1266 3812 adnotatione

140 3828 304 3897 propositam
328 3829 467 3895 „quiescas
481 3844 530 3881 ceu
552 3828 733 3895 tempestivae,
762 3844 838 3881 saevo
860 3830 1017 3897 propinque,
1035 3825 1111 3880 riae“
1128 3831 1265 3896 praetereo

143 3898 205 3964 quia
224 3896 288 3996 qnid
305 3896 352 3948 ille
368 3898 482 3950 voluerit
498 3913 553 3978 uon
571 3897 706 3977 intellego.

241 3965 251 4030 )
271 3964 325 4018 Gir.
343 3965 506 4019 Lachmanm
523 3966 722 4019 adnotationem
739 3964 774 4017 ad
790 3965 838 4030 Ill,
859 3964 881 4030 1,
903 3964 925 4016 1.
