2988 4564
647 309 839 370 ..6.-

185 494 308 576 ,Amor
341 493 454 559 docuit
484 513 581 578 posse
614 492 703 579 pati“
739 513 803 558 non
830 494 925 560 modo
953 495 1123 579 evulgari
1153 518 1302 566 sermone

182 582 275 662 longe
298 580 402 660 abest,
426 578 483 644 sed
505 585 556 645 est
571 580 701 647 dicendi
716 600 818 664 genus
834 581 937 663 ipsius
952 581 1112 667 Lygdami
1125 586 1303 669 proprium,

183 667 276 733 ouius
298 666 482 750 exemplum
502 686 637 751 prorsus
660 669 824 749 geminum
847 670 955 732 exstat
975 668 1028 748 lll,
1052 670 1082 750 6,
1105 671 1161 735 44:

639 752 732 819 Felix
754 754 952 836 quicumque
976 753 1086 821 dolore

336 836 469 903 alterius
493 838 599 904 disces
621 860 735 922 posse
760 859 871 903 cavere
895 838 993 921 tuo.¹>

183 924 300 1009 Neque
323 924 464 990 multum
487 924 649 1009 discrepat
672 924 759 1010 quod
781 925 899 1007 legitur
924 927 954 1006 3,
978 927 1035 991 31:

487 1010 607 1076 liccat
628 1012 708 1076 mihi
730 1031 875 1096 paupere
898 1012 990 1077 cultu

335 1115 446 1161 securo
470 1116 544 1161 cara
567 1098 701 1180 conjuge
724 1117 838 1180 posse
860 1095 966 1178 111112)

183 1181 332 1267 Apparet
354 1182 455 1262 igitur
477 1182 536 1248 hoc
555 1183 623 1248 loco
640 1183 680 1248 ad
696 1183 856 1248 iudicium
872 1183 911 1249 de
929 1182 1095 1250 Cuiaciani
1110 1185 1303 1249 auctoritate
1395 1225 1397 1229 «

183 1288 242 1333 1188
263 1268 313 1332 uti
335 1287 399 1332 non
421 1288 527 1351 posse.
553 1268 711 1334 Videmus
734 1276 841 1335 autem
865 1271 918 1335 vel
941 1291 981 1336 ex
1004 1270 1064 1336 1188
1081 1270 1149 1337 8818
1165 1270 1304 1337 disticho

144 1422 153 1433 ,
184 1358 379 1438 quantopere
402 1355 575 1435 fragmenti
596 1354 752 1422 lectiones
775 1377 795 1420 a
818 1359 998 1421 ceterorum
1022 1357 1167 1422 codicum
1193 1355 1304 1422 arohe-

183 1445 262 1526 typo
286 1440 477 1522 discrepent,
499 1460 605 1524 neque
627 1443 734 1507 minus
757 1442 817 1508 hoc
839 1462 880 1507 ex
901 1443 975 1508 aliis
998 1442 1089 1524 locis,
1112 1445 1169 1526 qui
1190 1441 1304 1522 deinde

184 1525 266 1591 mihi
288 1525 450 1592 tractandi
469 1531 555 1607 sunt,
578 1531 724 1613 apparet.

271 1630 321 1694 Ac
342 1628 483 1713 primum
506 1629 636 1712 quidem
659 1651 722 1696 nou
744 1630 826 1695 nulli
845 1630 908 1695 loci
925 1629 1078 1695 afferendi
1093 1633 1169 1695 sunt
1184 1628 1303 1712 quibus

184 1717 219 1782 in
241 1714 267 1780 F
290 1715 387 1780 meris
411 1715 589 1800 scripturae
611 1716 740 1782 mendis
763 1736 888 1796 81818,
919 1716 1007 1799 quod
1030 1715 1129 1780 ceteri
1150 1714 1227 1780 libri
1249 1734 1304 1779 ex·

184 1801 306 1882 hibent,
330 1800 516 1866 aberratum
538 1806 597 1868 est.
636 1800 690 1868 Sic
712 1804 746 1868 in
768 1803 957 1886 panegyrici
979 1821 1075 1867 versu
1099 1802 1138 1863 55
1163 1799 1305 1867 habetF

337 1885 407 1952 Nec
428 1888 533 1953 valuit
554 1888 638 1954 lotos
663 1893 801 1973 captos
824 1892 971 1954 avertere
994 1907 1109 1953 cursus

185 1993 243 2058 pro
262 1970 443 2057 „coeptos“,
459 1975 547 2056 quod
562 1976 631 2040 sine
648 1975 745 2040 dubio
760 1994 872 2039 verum
888 1978 946 2038 est.
981 1971 1140 2039 Similiter
1153 1992 1252 2040 versu
1265 1973 1306 2036 60

335 2057 464 2125 Nobilis
486 2060 617 2126 Artacie
638 2060 745 2142 gelida
767 2078 848 2143 quos
870 2060 984 2140 irrigat
1005 2059 1093 2125 unda

189 2142 333 2227 „erigit“,
355 2145 481 2229 quodF
505 2146 651 2230 praebet,
673 2166 762 2211 mero
786 2164 892 2210 errore
915 2159 1022 2210 ortum
1045 2164 1149 2229 neque
1168 2146 1208 2211 oh
1223 2144 1307 2210 hanc

185 2253 255 2297 rem
279 2231 318 2296 de
341 2231 477 2297 veritate
500 2233 679 2316 scripturae
702 2232 852 2297 aceteris
872 2231 1036 2297 codicibus
1051 2230 1190 2297 traditae
1208 2230 1303 2297 dubi-

186 2317 320 2383 tandum
354 2337 424 2383 esse
458 2322 546 2402 puto.
581 2317 639 2384 -ln
671 2317 815 2383 eiusdem
851 2318 1038 2402 panegyrici
1074 2337 1170 2383 versu
1204 2318 1244 2380 97
1279 2316 1306 2384 F

186 2404 320 2490 praebet
348 2400 423 2484 „ut“
452 2423 511 2488 pro
542 2401 649 2484 „aut“,
687 2405 746 2466 168
777 2401 952 2484 „alteram“
987 2423 1046 2488 pro
1076 2401 1208 2485 „alter“,
1246 2402 1306 2467 193

190 2486 299 2571 ,ausi“
329 2509 388 2573 pro
419 2487 576 2571 „ausim“,
604 2509 678 2554 cum
706 2508 845 2573 sequens
872 2489 1008 2555 verbum
1038 2490 1174 2555 alitera
1196 2511 1227 2554 m
1257 2491 1307 2554 in·

187 2576 296 2661 cipiat,
323 2576 383 2638 198
408 2573 510 2656 „sint“
534 2594 591 2658 pro
617 2572 709 2656 ,snt
756 2574 809 2654 IV,
834 2575 863 2656 2,
887 2575 927 2637 23
951 2574 1194 2641 Lachmannum
1219 2578 1307 2639 recte

188 2662 363 2727 coniecisse
393 2666 472 2745 puto
498 2661 635 2742 „multos
658 2661 717 2726 1188
740 2664 857 2726 sumite
886 2662 920 2726 111
942 2659 1075 2742 annos“,
1102 2660 1190 2745 quod
1211 2661 1239 2725 si
1260 2660 1308 2725 ita

188 2768 223 2814 88
246 2747 360 2828 habet,⁴
377 2750 513 2832 apparet
534 2748 568 2810 in
589 2746 705 2813 libriF
727 2748 863 2813 lectione
889 2747 1000 2828 „haec
1015 2751 1122 2813 sumet
1137 2748 1171 2811 in
1186 2741 1304 2811 annos“

187 2835 284 2918 paulo
306 2834 438 2915 gravius
461 2851 568 2898 errore
592 2836 761 2947 peccatum
787 2853 858 2899 esse
880 2852 979 2917 quam
1000 2833 1035 2898 in
1058 2834 1174 2899 ceteris
1189 2831 1306 2898 codici-

189 2920 261 3001 bus,
288 2919 344 3003 qui
373 2918 452 2999 „hoo
482 2922 589 2984 sumet
640 2920 803 2985 exhibent.
848 2918 996 3003 Denique
1019 2918 1074 3000 IV,
1098 2919 1129 3000 3,
1152 2920 1191 2982 21
1223 2914 1308 3000 „at“,

188 3004 316 3090 quodF
340 3004 480 3085 exhibet,
503 3005 666 3070 1811111811
689 3024 784 3089 posse
808 3005 890 3070 mihi
911 3005 1052 3086 videtur,
1076 3006 1153 3088 quia
1168 3024 1308 3088 sequens

189 3091 349 3158 distichon
383 3091 424 3156 ab
458 3089 569 3155 eadem
601 3092 717 3156 vocula
745 3090 815 3173 „at“
842 3092 967 3176 incipit.
1017 3091 1130 3174 ltaque
1159 3090 1242 3157 illud
1268 3110 1308 3154 ex

191 3175 275 3259 ,et“‚
299 3176 385 3260 quod
408 3177 509 3241 ceteri
532 3176 661 3242 codices
683 3177 848 3262 praebent,
876 3177 1041 3243 levissimo
1068 3196 1177 3243 errore
1200 3179 1308 3242 ortum

190 3283 260 3330 esse
283 3267 372 3348 puto.

278 3365 395 3431 Paucis
418 3363 519 3446 igitur
540 3363 620 3431 locis
642 3364 676 3430 in
697 3365 780 3431 libro
802 3363 829 3430 F
854 3364 1033 3448 scripturae
1055 3365 1174 3432 menda
1196 3363 1309 3447 depre-

280 3600 299 3669 ¹)
317 3603 374 3656 Hoc
391 3603 450 3675 loco
467 3604 596 3657 Dissenus
615 3618 718 3670 quoque
737 3601 852 3654 offensus
871 3605 919 3667 est,
938 3603 992 3668 qui,
1010 3618 1069 3655 cum
1087 3602 1178 3656 liceret
1190 3603 1309 3670 exempla

191 3691 224 3728 ex
248 3672 366 3741 proxime
392 3672 610 3725 antecedentibus
638 3671 797 3725 carminibus
823 3674 921 3738 petere,
947 3670 1039 3724 maluit
1063 3673 1309 3741 interpretationem

190 3742 307 3812 prolerre
325 3758 377 3809 qua
395 3743 503 3793 utantur
520 3740 564 3808 qui
582 3756 638 3793 eam
656 3739 821 3806 intellegunt.

278 3825 298 3893 ²)
318 3827 468 3894 Comparari
486 3829 600 3895 possunt
616 3826 681 3877 haec
699 3840 759 3877 cum
776 3824 810 3876 iis
832 3839 898 3891 quae
916 3824 1051 3877 Vahlenus
1069 3824 1177 3891 collegit
1193 3825 1222 3876 in
1240 3838 1309 3876 com·

190 3897 397 3950 mentatiouibus
415 3897 444 3948 in
462 3896 587 3948 honorem
605 3893 758 3946 Mommseni
776 3907 837 3959 pag.
854 3891 905 3944 664
922 3891 949 3943 ff.
985 3894 1024 3946 Ns
1043 3909 1058 3946 8
1077 3893 1182 3947 Tibullo
1204 3892 1309 3960 quidem

190 3964 261 4019 hunc
277 3981 354 4018 usum
373 3965 487 4018 alienum
506 3979 564 4016 esse
582 3963 678 4015 docent
696 3961 815 4029 exempla
833 3961 1014 4014 aFranclreno
1031 3963 1049 4013 l.
1067 3961 1085 4014 1.
1103 3962 1183 4015 allata
1200 3961 1221 4029 1,
1233 3960 1258 4029 9,
1275 3958 1309 4012 20

191 4035 255 4101 etl,
273 4035 297 4102 6,
317 4032 362 4099 123
381 4038 468 4086 881818
486 4032 556 4084 enim
574 4031 660 4083 aliena
678 4035 749 4083 sunt.
