2988 4564
656 307 870 370 ..11-

209 512 271 577 que
295 493 492 581 accipiamus
514 500 628 560 rursus
645 493 794 559 Ouidiani
813 493 876 558 looi
892 492 1105 560 similitudine
1120 492 1324 576 impedimur.

209 579 321 663 ltaque
354 580 502 646 omnibus
532 585 683 647 accurate
710 581 878 665 perpensis
906 581 953 645 ita
980 599 1092 646 censeo
1121 578 1326 662 Lygdamum

209 667 352 750 primum
384 667 445 732 hoc
478 668 547 733 loco
582 666 709 733 dicendi
743 687 861 749 genere
894 688 988 733 usum
1023 686 1093 732 esse
1120 665 1162 730 ad
1189 665 1326 749 logicam

208 753 367 818 rationem
398 757 486 818 recto
521 753 579 819 scd
611 757 720 818 tamen
754 751 903 834 ambiguo
936 754 989 818 vel
1021 752 1129 836 potins
1162 771 1325 835 perverso,

210 838 363 904 Ovidium
386 843 495 905 autem
518 840 587 905 eius
607 840 789 904 imitatione
812 839 854 904 ad
877 839 1011 904 eandem
1033 839 1227 922 pravitatem
1248 840 1326 905 duo·

210 929 282 989 tum
304 945 386 995 esse.
425 924 513 1001 Quae
537 927 667 992 sirecte
683 925 848 1009 disputata
863 930 949 1005 sunt,
971 929 1106 1010 apparet
1120 924 1205 990 huno
1219 925 1326 990 locum

210 1030 249 1076 ex
273 1011 423 1077 omnibus
445 1011 584 1078 testibus
611 1013 645 1077 in
674 1012 752 1099 solis
775 1011 934 1096 excerptis
957 1009 1219 1093 Frisingensibus
1241 1015 1327 1077 recte

210 1095 368 1162 traditum
402 1118 484 1178 esse,
518 1099 552 1163 iu
579 1096 606 1162 F
640 1102 747 1163 autem
782 1096 933 1178 „cavere“
969 1101 1056 1163 recte
1084 1097 1192 1176 scribi,
1229 1095 1324 1178 „tuo“

210 1187 320 1249 autem
342 1204 442 1265 mero,
464 1187 503 1249 ut
524 1184 663 1266 videtur,
686 1184 866 1268 scripturae
888 1183 1006 1249 mendo
1028 1184 1062 1248 in
1084 1182 1195 1265 „tuos“
1214 1184 1328 1269 depra-

208 1274 320 1336 vatum
342 1290 422 1336 esse.
680 1304 681 1307 π

295 1355 409 1422 Restat
441 1376 526 1421 unns
557 1375 575 1420 e
605 1354 766 1439 Lygdami
799 1355 997 1422 carminibus
1029 1356 1120 1422 locus
1153 1375 1216 1440 qno
1250 1375 1328 1421 vera

211 1443 372 1595 sprhipltura
397 1463 418 1508 a
445 1442 512 1508 solo
538 1439 565 1507 F
593 1446 720 1508 servata
747 1442 800 1522 sit,
826 1441 879 1523 ΠΙ,
908 1443 939 1524 6,
966 1442 1018 1525 62,
1044 1441 1102 1507 ubi
1128 1442 1227 1508 ceteri
1252 1441 1328 1507 libri

210 1550 229 1595 1
274 1531 380 1596 ient:

361 1614 411 1680 Tu
431 1633 514 1698 puer
536 1616 569 1677 et
589 1611 750 1696 liquidum
772 1612 888 1678 fortius
911 1611 994 1678 adde
1017 1632 1152 1693 merum,

209 1700 273 1765 nisi
303 1700 390 1784 quod
417 1699 555 1765 Paccius
584 1718 623 1764 ex
650 1698 843 1778 coniectura,
877 1703 915 1763 111
935 1699 1074 1778 videtur,
1109 1702 1140 1780 „i
1165 1719 1248 1784 puer
1274 1697 1325 1765 et“

211 1785 395 1870 adscripsit.
439 1784 529 1851 ldem
557 1804 671 1850 sensus
698 1783 774 1849 libri
797 1782 823 1849 F
852 1785 1013 1868 scriptura
1039 1787 1108 1851 sine
1132 1786 1229 1852 dubio
1251 1806 1329 1852 vcra

213 1875 270 1954 „tu
290 1890 370 1955 puer
391 1868 422 1936 i“
447 1871 595 1936 efficitur.

247 2043 260 2109 l
299 1955 486 2108 Sliquntur
508 1957 574 2022 iam
596 1956 660 2022 loci
681 1975 745 2022 non
766 1955 849 2021 nulli
871 1956 1067 2042 panegyrici.
1104 1956 1159 2039 IV,
1185 1961 1213 2040 1,
1237 1958 1278 2023 30
1300 1956 1327 2025 F

211 2063 247 2110 so
260 2065 299 2110 us
344 2048 433 2108 aet:

363 2127 434 2195 Nec
456 2128 585 2212 quaeris
607 2127 686 2212 qnid
700 2147 827 2212 quaque
841 2126 940 2194 iudex
957 2128 1016 2195 sub
1031 2129 1172 2213 imagine
1188 2128 1285 2211 dicat,

211 2216 311 2282 ceteri
343 2214 441 2300 „quid
471 2234 535 2298 qna
559 2211 689 2296 iudex“,
716 2213 803 2298 quod
825 2234 873 2292 ne
888 2214 1035 2297 intellegi
1057 2215 1189 2299 quidem
1210 2220 1327 2300 potest.

297 2300 352 2382 lv,
378 2304 405 2381 1,
426 2301 466 2364 39
488 2299 515 2366 F
537 2300 672 2385 praebet
694 2299 780 2385 quod
802 2301 871 2366 sine
895 2301 993 2368 dubio
1015 2322 1129 2367 verum
1152 2306 1216 2368 est:

362 2385 448 2452 Nam
471 2387 595 2470 quiete
617 2388 740 2452 maiora
761 2387 845 2468 gerit
866 2388 1021 2454 castrisue
1044 2388 1176 2454 forove?

102 2526 105 2532 .
211 2472 313 2540 ceteri
339 2473 435 2538 initio
462 2493 576 2539 versus
602 2472 721 2539 habent
752 2493 910 2557 „namque
937 2472 1030 2555 tibi“‚
1059 2476 1214 2559 „quisque
1235 2472 1328 2556 tibi“,

280 2560 287 2574 ·
346 2560 353 2573 ·
382 2559 388 2573 ·
493 2556 507 2587 c
709 2559 715 2572 ·
818 2558 824 2572 ·
852 2556 880 2586 ⁰⁶<
1065 2562 1071 2574 ·
1194 2557 1209 2589 α

212 2558 489 2712 diribitio
506 2558 1329 2731 1111111111111111111111

211 2735 321 2799 tamen
343 2751 419 2815 prae
442 2729 607 2797 Cuiaciani
629 2731 790 2814 scriptura
811 2730 939 2814 placere
962 2736 1077 2815 potest.

298 2816 353 2895 IV,
380 2820 407 2898 1,
428 2818 467 2879 55
490 2817 717 2899 gravissimam
738 2817 1020 2900 interpolationem
1043 2819 1076 2883 in
1099 2818 1220 2884 nostris
1243 2816 1328 2882 codi-

213 2903 305 2969 cibus
328 2902 609 2986 deprehendimus.
653 2902 734 2985 Agit
754 2903 837 2968 enim
860 2908 957 2986 poeta
978 2904 1035 2969 illo
1058 2904 1127 2969 loco
1150 2903 1190 2970 de
1211 2903 1329 2969 Ulissis

215 2988 391 3067 erroribus,
413 2988 546 3053 tradunt
565 2992 675 3054 autem
696 2989 800 3054 nostri
821 2988 896 3054 libri
918 2989 1011 3055 haec:

364 3071 450 3138 Nam
466 3070 684 3158 Ciconumque
707 3094 821 3140 manus
844 3075 989 3141 adversis
1011 3076 1155 3160 reppulit
1176 3076 1285 3156 armis,

364 3179 423 3225 nco
445 3159 549 3225 valuit
571 3161 701 3245 cyclops
724 3165 854 3245 coeptos
878 3166 1023 3228 avertere
1045 3182 1170 3244 cursus,

365 3246 466 3312 cessit
487 3250 520 3311 et
541 3246 686 3312 Aetneae
709 3246 895 3330 Neptunius
917 3248 1023 3313 incola
1044 3248 1145 3332 rupis

363 3332 450 3397 victa
470 3330 621 3398 Maroneo
643 3332 792 3399 foedatus
813 3332 939 3399 lumina
959 3333 1097 3415 Baccho,

213 3416 307 3501 quasi
342 3418 470 3501 cyclops
504 3421 538 3483 11
563 3417 709 3483 Aetneae
735 3421 826 3503 rupis
854 3419 1038 3503 Neptunius
1071 3419 1177 3485 incola
1210 3418 1331 3485 diversi

212 3502 359 3569 homines
382 3507 499 3569 essent.
543 3501 644 3569 Unice
667 3524 744 3569 vere
767 3513 876 3571 autem
897 3504 924 3571 F
947 3505 1073 3573 scribit:

364 3587 436 3656 Neo
456 3589 560 3657 valuit
580 3589 683 3656 lotos
706 3593 836 3673 coeptos
858 3596 1003 3658 avertere
1027 3612 1152 3658 cursus.

300 3674 354 3755 IV,
385 3677 413 3755 1,
439 3674 480 3737 70
502 3680 535 3741 11
557 3677 596 3738 11
627 3675 691 3741 duo
717 3677 838 3741 leviora
863 3677 1009 3744 codicum
1036 3683 1171 3763 peccata
1196 3678 1280 3744 libro
1303 3675 1329 3742 F

212 3763 428 3845 corriguntur.
472 3761 617 3827 Tradunt
638 3763 724 3828 enim
747 3762 810 3828 illi:

365 3847 459 3913 Illum
482 3848 679 3929 tergeminae
699 3852 832 3914 nantem
855 3849 992 3914 confinia
1013 3850 1127 3915 mortis

364 3953 424 4000 neo
446 3930 573 4018 Scyllae
595 3954 689 4000 saevo
712 3935 891 4000 conterruit
910 3935 1052 4049 impetus
1075 3934 1163 4018 orbe,

213 4015 369 4085 Fautem
396 4022 482 4085 recte
507 4020 610 4101 „inter
631 4019 800 4102 geminae“
825 4024 858 4086 et
881 4040 956 4102 „ore
1001 4021 1141 4087 exhibet.
