2988 4564
593 225 811 287 ..4ss-

138 406 264 494 putabo
289 413 434 495 apparet
482 410 546 477 Est
567 415 681 477 'autem
706 410 846 496 pluralis
875 410 975 476 etiam
996 410 1070 495 per.
1084 428 1119 475 se
1145 407 1262 493 patior,

140 499 293 582 quoniam
315 499 349 563 in
371 497 560 565 universum
583 497 623 564 de
637 498 812 564 mulierum
826 495 973 564 moribus
988 496 1107 578 agitur.
1135 494 1263 560 Tamen

141 584 316 667 singularis
342 583 432 649 facili
460 603 571 650 errore
596 604 616 649 a
638 583 766 651 duobus
790 582 976 649 hominibus
1003 582 1102 648 scribi
1124 583 1262 665 poterat,

141 671 294 754 quoniam
315 669 409 735 initio
427 690 547 736 ,versus
566 670 692 737 dictum
713 675 776 736 est:
802 666 887 752 „Sed
909 669 995 734 flecti
1019 665 1172 754 poterit“.

229 753 264 838 5)
286 754 500 823 Scribendum
522 759 573 822 est
593 753 794 840 „sacrilegi“.
835 752 1059 838 „Saenia-gor
1076 755 1112 820 in
1134 753 1261 820 duobus

141 842 308 909 codicibus
330 843 378 907 ita
402 845 511 907 ortum
533 845 654 923 estut,
677 862 752 908 oum
774 843 808 907 in
823 840 999 926 archetypo
1017 841 1263 921 usitatoerrore

141 930 253 1015 inepta
268 928 429 994 sententia
443 928 565 994 tradita
575 933 673 1011 esset,
689 933 825 1012 uterque
835 926 990 993 librarius
1002 948 1118 994 sanum
1130 921 1262 992 sensum

141 1017 268 1083 efficere
291 1019 471 1080 conaretur.
1013 1084 1016 1093 ³

229 1099 264 1183 6)
293 1100 364 1168 Hoc
395 1099 466 1167 loco
499 1104 538 1166 ut
562 1101 700 1168 fortasse
729 1102 829 1167 etiam
855 1099 928 1165 aliis
960 1118 1072 1164 eorum
1100 1117 1182 1183 quos
1208 1097 1262 1163 hic

142 1188 239 1253 attuli
260 1187 300 1253 de
319 1208 358 1252 eo
382 1186 470 1270 quod
491 1188 525 1252 in
547 1186 705 1255 codiceA
722 1192 792 1254 erat
814 1188 855 1254 ob
878 1205 1010 1251 cansam
1027 1185 1160 1269 saepius
1174 1190 1263 1250 com-

141 1278 353 1340 memoratam
377 1271 524 1338 dubitare
545 1272 632 1338 licet.
1156 1292 1159 1297 ¹

230 1356 479 1443 7)1„1spygiae“
503 1362 554 1424 est
574 1378 693 1425 nomen
707 1358 924 1440 notissimum,
946 1356 1035 1442 quod
1054 1357 1150 1423 facile
1170 1374 1264 1422 mero

143 1466 251 1513 errore
273 1446 324 1512 bis
346 1446 380 1510 in
402 1445 488 1510 hunc
509 1445 617 1511 locum
637 1446 752 1511 inferri
773 1449 912 1529 poterat.

229 1531 265 1615 8)
291 1530 364 1598 Hoc
390 1531 463 1597 loco
488 1531 558 1596 sinc
583 1530 682 1598 dubio
710 1532 745 1596 in
770 1532 802 1596 A
831 1535 865 1597 et
886 1529 913 1596 B
939 1529 1054 1598 eadem
1078 1527 1264 1597 emendatio

142 1619 228 1685 facta
250 1621 308 1700 est,
331 1637 435 1701 neque
450 1617 658 1702 vituperandi
680 1621 757 1683 sunt
775 1616 911 1699 librarii,
935 1616 1022 1700 quod
1036 1615 1186 1683 mirabile
1201 1613 1265 1679 hec

144 1703 272 1771 dicendi
294 1723 396 1787 genus
418 1723 482 1769 non
504 1704 664 1770 ferebant
700 1701 766 1770 Sed
787 1706 898 1769 tuetur
918 1703 1006 1768 hunc
1027 1702 1135 1769 locum
1156 1699 1263 1766 simile

144 1792 330 1876 exemplum
348 1790 502 1855 inversu
527 1791 598 1870 164,
628 1809 692 1874 quo
705 1788 913 1874 'impedimur
940 1790 1038 1855 etiam
1064 1808 1127 1872 quo
1153 1787 1263 1852 minus

144 1897 217 1943 eam
239 1876 489 1960 explicationem
510 1877 732 1960 praeferamus
754 1895 836 1961 quae
859 1875 974 1941 cadere
988 1874 1119 1941 ridetur
1132 1873 1171 1939 in
1183 1872 1263 1938 Pro

144 1964 244 2046 pertii
265 1964 373 2029 locum
395 1982 415 2026 a
435 1959 657 2028 Broukbusio
673 1964 813 2047 aliisque
835 1960 1005 2036 laudatum
1030 1960 1075 2042 IL:
1093 1960 1142 2041 19,
1168 1960 1200 2041 b,
1225 1960 1265 2023 ut

146 2047 241 2133 „nec“
266 2048 413 2133 sequenti
437 2067 514 2130 „nec
543 2046 752 2133 quadrupes“
778 2068 832 2114 res
848 2046 977 2114 ondeet
1020 2044 1169 2112 Diversa.
1187 2047 1266 2111 sunt

146 2156 228 2220 quae
256 2138 429 2202 occurrunt
453 2134 487 2198 in
513 2135 586 2219 ipso
609 2133 738 2202 Tibullo
765 2133 820 2218 lv,
843 2135 873 2214 7,
896 2133 916 2197 8
939 2135 972 2198 ct
991 2132 1024 2198 in
1048 2132 1163 2199 eodem
1186 2130 1265 2197 Pro-

144 2222 245 2307 pertii
266 2221 409 2287 carmine
431 2219 469 2302 ll,
495 2221 545 2303 19,
565 2221 617 2285 32.
1165 2272 1168 2276 ,

233 2306 267 2389 9)
288 2306 443 2373 Fortasse
466 2304 580 2373 afferre
602 2308 702 2373 stiam
723 2308 871 2391 poteram
893 2320 1024 2371 versum
1037 2301 1092 2384 IV,
1108 2304 1139 2384 6,
1154 2303 1186 2382 t,
1206 2299 1265 2368 ubi

144 2393 172 2461 F
194 2397 282 2459 reeta
303 2391 434 2458 exhibet
451 2412 535 2474 „neu
550 2394 623 2478 quis
638 2392 771 2459 divellat
784 2387 962 2471 amantes“‚
983 2390 1015 2456 A
1030 2388 1103 2455 etB
1119 2387 1266 2456 scribunt

148 2500 207 2563 „ne
229 2477 326 2593 1¹⁰?“24
344 2477 369 2544 Ο
384 2483 493 2544 autem
513 2480 620 2579 multo
632 2479 769 2567 propius
785 2477 827 2544 ad
841 2496 954 2542 verum
967 2476 1093 2542 aceedit
1107 2474 1266 2574 exhibens

144 2565 309 2718 citit
332 2562 810 2735 sdtttttttttt
840 2563 1081 2734 illudit&
1104 2578 1266 2713 litati

146 2740 260 2820 fuisse,
282 2757 421 2823 quarum
442 2737 578 2803 alteram
601 2735 626 2802 Ο
647 2737 785 2802 alteram
806 2735 836 2802 A
860 2740 894 2801 ct
914 2734 942 2800 B
965 2736 1068 2801 secuti
1089 2735 1166 2800 sint

232 2824 352 2891 Nullus
374 2824 490 2889 horum
522 2824 667 2888 locorum
699 2822 748 2887 ita
780 2826 986 2907 comparatus
1020 2824 1070 2886 est
1102 2824 1140 2886 nt
1165 2838 1202 2885 eo
1226 2815 1265 2883 de

146 2911 284 2977 veritate
321 2910 392 2977 eius
430 2908 608 2975 sententiae
642 2929 741 2994 quam
777 2927 877 2994 supra
914 2907 954 2974 de
985 2905 1132 2972 codicum
1161 2903 1272 2988 affini-1

146 3001 214 3063 tate
237 2996 360 3084 protuli
385 2994 533 3062 dubitare
567 3015 729 3078 cogamur.
774 2994 842 3060 lam
873 2994 975 3078 igitur
1005 2991 1102 3058 venio
1136 2990 1178 3058 ad
1211 3010 1266 3057 eos

147 3084 235 3151 locos
258 3082 439 3168 dequibus
465 3080 505 3146 ob
527 3081 610 3147 hane
631 3080 739 3167 ipsam
760 3081 958 3147 sententiam
990 3078 1085 3144 aliter
1116 3077 1266 3144 iudican-

149 3170 228 3237 dum
250 3189 320 3237 esse
342 3187 455 3234 censeo
479 3187 577 3251 quam
598 3167 739 3234 editores
760 3166 843 3252 pleri
865 3186 907 3232 ne
930 3164 1168 3231 iudicaverunt.

233 3257 258 3337 Ι,
283 3258 313 3337 1,
335 3255 375 3318 78
397 3273 456 3339 per
477 3273 512 3319 se
534 3253 617 3320 nihil
630 3253 790 3321 interesse
804 3252 847 3319 rn'
874 3251 1032 3318 ividetur
1056 3254 1169 3318 utrum
1191 3249 1267 3317 cum'

148 3341 315 3411 codicibus
336 3339 368 3405 A
390 3343 424 3406 et
445 3337 470 3405 G
492 3340 688 3407 scribamus:

336 3432 338 3436 ‘
367 3432 371 3436 “
477 3424 547 3509 Ego
570 3425 749 3513 composito
770 3442 905 3490 securus
928 3442 1041 3490 acervo

301 3510 385 3577 dites
407 3510 587 3598 despiciam
610 3511 852 3598 despiciamque
873 3510 994 3575 famem

149 3621 191 3666 an
223 3618 299 3665 cum
332 3597 401 3663 solo
434 3597 478 3663 B<
495 3598 625 3666 inverso
660 3596 772 3664 ordine
812 3595 1012 3681 „despiciam
1046 3591 1163 3675 dites“,
1207 3589 1268 3657 sed

148 3687 295 3773 praestat
317 3704 389 3750 eam
410 3686 584 3752 verborum
606 3683 853 3751 collocationem
874 3682 1021 3768 recipere
1048 3698 1129 3765 quse
1144 3676 1267 3743 maiore

150 3772 342 3841 auctoritate
364 3769 490 3838 nititur.
1208 3773 1212 3777 ⁴
1266 3772 1270 3777 '

236 3857 361 3925 Versus
374 3855 399 3940 Ι,
415 3857 446 3938 3,
462 3854 543 3921 ntffi
564 3855 600 3920 in
613 3853 827 3939 codicibusA
843 3857 877 3920 et
891 3851 917 3920 O
931 3853 978 3919 sic
1002 3850 1203 3918 scribuntur:

174 3966 215 4007 ..η
301 3942 399 4012 Nune
415 3943 485 4027 dea,
506 3960 594 4009 nunc
613 3961 766 4010 succurra
787 3940 871 4010 mihi
890 3937 982 4022 (nam
1002 3955 1111 4023 posse
1122 3933 1247 4003 mederi
