2988 4564
668 296 881 361 ..gg-

185 538 187 541 -
211 491 368 571 recensio,
403 488 496 555 cuius
522 488 622 552 testes
649 485 766 552 sinceri
793 487 858 552 sint
884 483 1094 553 (luiacianum
1122 490 1155 552 et
1179 491 1331 572 excerpta

210 577 444 661 Frisingensia,
472 574 617 658 corrupti
642 573 746 637 nostri
773 572 898 638 codices
925 593 1047 653 omnes,
1075 593 1115 638 an
1142 573 1251 658 plures
1278 594 1330 638 rc-

212 665 379 731 censiones
402 662 444 727 iis
466 658 666 743 temporibus
681 661 777 723 notae
792 659 924 740 fuerint,
946 660 1066 743 quique
1084 660 1184 724 trium
1200 659 1330 724 illorum

211 751 346 817 testium
369 749 488 813 artiore
510 745 639 810 uinculo
661 745 748 810 inter
771 765 805 810 se
829 745 992 810 coniuncti
1013 765 1111 810 unam
1131 744 1329 829 eandemque

211 836 432 903 recensionem
447 832 628 899 exhibeant.
657 830 752 895 Nunc
768 830 832 896 duo
848 833 975 895 tantum
990 831 1052 896 loci
1068 835 1196 897 exstant
1211 831 1330 915 quibus

212 921 378 989 Cuiaciani
401 922 434 986 et
455 920 680 1002 excerptorum
702 917 857 982 lectiones
872 917 957 982 inter
972 936 1006 982 se
1022 936 1206 1001 comparare
1223 918 1329 983 liceat.

211 1009 264 1089 111,
287 1009 318 1089 4,
342 1008 393 1086 66,
417 1005 456 1071 de
479 1023 542 1089 quo
564 1004 634 1068 loco
657 1021 695 1068 su
720 1023 756 1067 ra
778 1001 865 1087 (pag.
891 1000 925 1083 5)
948 1003 1098 1084 disserui,
1121 1007 1275 1154 excerqta
1297 1007 1331 1068 et

212 1095 342 1161 codices
364 1092 486 1157 habent
510 1086 659 1175 „posse“,
706 1089 892 1154 uiacianum
917 1086 1068 1169 „saeva“;
1091 1093 1203 1154 contra
1239 1089 1276 1170 Il,
1299 1092 1329 1170 6,

211 1183 254 1244 44
276 1182 428 1265 excerpta
449 1178 484 1242 in
505 1196 583 1240 voce
608 1173 755 1256 „carere‘⁴
781 1195 853 1240 cum
868 1175 1047 1256 fragmento
1064 1177 1175 1240 contra
1194 1176 1329 1255 codices,
1355 1233 1357 1237 ,

211 1269 246 1333 16
267 1286 345 1332 voce
370 1260 465 1346 ,tuo“
491 1282 564 1328 cum
588 1261 752 1326 codicibus
774 1263 886 1326 contra
900 1261 1114 1343 fragmentum
1135 1262 1328 1345 conspirant.

210 1354 322 1437 ltaque
345 1353 482 1438 apparet
503 1350 585 1414 hanc
607 1366 678 1412 rem
700 1347 735 1411 in
757 1347 892 1413 obscuro
914 1347 1155 1430 relinquendam
1181 1368 1262 1414 6666.

527 1552 568 1622 ΙΙΙ.
604 1552 648 1620 116
670 1551 833 1637 excerptis
856 1549 1021 1618 Parisinus.
1067 1555 1071 1563 '

298 1692 411 1758 Altero
438 1696 662 1779 excerptorum
686 1711 801 1775 genere
829 1691 955 1776 primus
982 1690 1024 1756 ad
1051 1689 1170 1755 Tibulli
1203 1693 1329 1756 textum

212 1778 473 1844 constituendum
494 1800 576 1846 usus
599 1783 647 1845 est
671 1777 825 1858 Scaliger,
849 1776 906 1860 qui
921 1795 1001 1860 quas
1017 1776 1193 1861 scripturas
1209 1797 1249 1842 ex
1264 1777 1329 1843 illis

212 1864 423 1930 adnotaverat
445 1885 501 1930 eae
524 1866 564 1930 ab
587 1863 722 1930 Heinsio
744 1863 780 1927 in
803 1861 923 1928 Tibulli
946 1863 1121 1947 exemplar,
1144 1882 1206 1947 quo
1226 1862 1329 1928 Lach-

211 1970 349 2016 mannus
377 1971 456 2016 usus
484 1954 543 2031 cst,
578 1951 808 2033 transscriptae
841 1952 926 2013 sunt.
975 1947 1078 2014 Multo
1113 1953 1222 2014 autem
1255 1953 1330 2014 ante

209 2034 403 2102 Vincentius
429 2035 678 2116 Bellovacensis,
707 2034 847 2116 scriptor
877 2034 999 2099 saeculi
1023 2033 1112 2100 tertii
1140 2034 1268 2116 decimi,
1295 2036 1329 2100 in

211 2122 378 2206 speculum
400 2143 497 2188 suum
520 2122 696 2188 doctrinale
721 2118 843 2185 Tibulli
864 2123 1016 2204 excerpta
1037 2124 1215 2205 receperat,
1247 2140 1329 2204 quae

211 2228 285 2274 cum
308 2206 525 2290 Scaligeranis
550 2208 617 2274 fere
646 2205 860 2273 66666661666.
904 2204 956 2270 Ex
985 2205 1037 2272 his
1058 2206 1202 2273 fontibus
1225 2209 1330 2292 petita

211 2298 287 2360 sunt
313 2313 396 2378 quae
419 2292 646 2360 Lachmannus
673 2292 712 2358 de
740 2291 801 2356 hoc
829 2294 1052 2376 excerptorum
1080 2312 1197 2373 genere
1218 2294 1328 2375 tradit,

211 2401 247 2446 66
280 2399 321 2445 66
354 2380 448 2445 nobis
482 2380 613 2463 quidem
646 2379 748 2444 multo
780 2376 876 2462 plura
909 2380 1094 2461 suppetunt,
1132 2396 1330 2462 quamquam

209 2466 311 2531 multo
345 2467 492 2551 puriores
525 2467 629 2531 fontes
663 2483 748 2530 nunc
782 2462 886 2546 aperti
919 2471 1004 2527 sunt.
1058 2461 1125 2529 Sed
1157 2484 1195 2530 ea
1227 2486 1261 2531 re
1295 2464 1330 2530 id

211 2551 362 2617 effectum
396 2554 445 2618 cst
477 2556 516 2617 ut
543 2550 582 2617 dc
607 2551 723 2616 horum
753 2551 977 2632 excerptorum
1004 2552 1121 2614 natura
1147 2553 1181 2615 et
1206 2550 1329 2632 origine

210 2638 304 2702 nunc*
322 2638 441 2703 certius
468 2640 595 2704 constet
621 2655 719 2719 quam
745 2638 849 2699 antea.
895 2634 1006 2717 ltaque
1032 2655 1096 2699 non
1122 2636 1220 2702 nimis
1243 2637 1291 2701 vit
1314 2674 1329 2685 -

209 2723 373 2808 perandus
395 2729 445 2789 est
467 2723 543 2789 Otto
565 2722 747 2799 Richterus,
779 2719 836 2802 qui
858 2719 892 2784 in
916 2719 1142 2786 dissertatione
1166 2720 1329 2788 Bonnensi

210 2810 286 2873 anni
311 2809 392 2872 1865
417 2809 476 2890 „de
493 2808 658 2875 Vincentii
680 2806 917 2872 Bellovacensis
939 2807 1100 2890 excerptis
1117 2805 1326 2873 Tibullianis“

210 2893 251 2959 ab
277 2894 349 2979 ipso
372 2893 542 2961 Vincentio
568 2894 649 2960 baec
675 2895 830 2976 excerpta
856 2911 896 2956 ex
922 2891 1047 2972 integro
1070 2892 1191 2957 Tibulli
1217 2894 1327 2960 codice

210 2982 341 3064 sumpta
367 3000 408 3045 ex
436 2982 571 3065 eiusque
600 2977 761 3063 excerptis
788 2997 828 3043 ea
853 2976 971 3060 quibus
1001 2975 1146 3061 Scaliger
1171 2999 1251 3044 usus
1280 2985 1329 3046 est

143 3127 146 3132 .
210 3064 308 3130 ducta
329 3086 399 3132 esse
422 3066 598 3148 contendit,
622 3065 708 3149 quod
730 3064 866 3145 cogitari
887 3063 975 3128 nullo
996 3063 1092 3129 modo
1115 3084 1211 3148 posse
1233 3064 1327 3131 hodie

210 3152 346 3231 constat,
370 3171 567 3236 quamquam
590 3153 642 3218 vel
665 3171 706 3217 ex
721 3150 764 3215 iis
779 3169 861 3233 quae
879 3149 909 3215 oi
923 3153 994 3215 tum
1009 3153 1086 3215 nota
1101 3153 1192 3215 erant
1205 3153 1327 3217 rectius

209 3236 353 3303 iudicare
376 3241 504 3322 poterat
527 3241 561 3304 66
580 3237 779 3303 iudicaverat
793 3239 866 3301 ante
881 3234 1117 3302 Lachmannus.
1156 3235 1329 3303 Praeterea

210 3342 368 3405 quaenam
394 3324 445 3390 his
473 3325 636 3409 excerptis
658 3321 832 3387 auctoritas
853 3321 1026 3410 tribuenda
1048 3326 1135 3388 esset
1155 3324 1328 3406 quaesiuit,

210 3427 274 3491 qua
306 3409 341 3473 in
375 3411 561 3492 quaestione
588 3426 784 3508 quamquam
803 3407 846 3508 'in
875 3427 1003 3508 summa
1028 3428 1063 3473 rc
1090 3410 1213 3508 rectam
1239 3411 1327 3475 viam

208 3498 606 3673 tttttttltattt
629 3493 840 3645 11111111
859 3494 1327 3661 11111611111611113

209 3685 305 3750 quam
340 3669 451 3731 contra
483 3667 642 3732 rationem
674 3666 832 3749 peccauit.
881 3663 913 3730 N
915 3685 955 3730 on
988 3666 1090 3731 multo
1117 3670 1224 3732 autem
1251 3673 1328 3751 post

208 3750 383 3818 Eduardus
422 3750 626 3818 Woelfflinus
666 3749 811 3816 codicem
851 3749 1034 3818 Parisinum
1075 3752 1197 3818 saeculi
1238 3755 1327 3818 tertii

209 3836 328 3903 decimi
350 3839 485 3919 invenit,
509 3839 566 3921 qui
588 3838 741 3922 excerpta
763 3857 780 3902 e
796 3835 923 3902 Tibullo
940 3837 1076 3921 aliisque
1094 3839 1199 3924 poetis
1215 3839 1326 3906 multis

209 3925 360 4004 continet,
389 3944 452 4008 qua
479 3924 520 3990 de
548 3944 582 3991 re
609 3924 680 4008 ipse
707 3920 886 4008 disputavit
914 3924 1075 4007 simulque
1099 3929 1326 4010 excerptorum

209 4006 464 4077 Tibulliancrum
486 4030 560 4078 cum
584 4007 724 4076 editione
739 4007 903 4093 Lipsiensi
925 4010 1101 4075 66611865
1123 4011 1324 4078 collationem
