2988 4564
622 242 835 309 ..42-

169 428 323 515 ,adereat
344 433 456 497 utrum
479 432 591 498 autem
606 451 725 498 rorum
746 431 791 498 sit
812 430 876 499 nisi
897 450 939 498 ex
956 427 1150 496 auctoritate
1164 428 1288 497 utrius·

169 538 234 604 que
255 517 406 585 lectionis
427 516 602 584 diiudicari
623 538 687 585 non
709 521 827 603 potest.

255 604 342 670 luter
364 622 477 669 omnes
497 603 599 685 igitur
620 604 719 671 huius
731 605 856 687 elegiae
872 603 1095 689 discrepantes
1106 601 1287 687 scripturas

168 691 294 758 nullum
316 689 458 755 occurrit
479 691 665 776 exemplum
687 709 750 775 quo
773 690 980 769 1111111111,
1002 707 1086 772 quae
1101 688 1289 754 coniectura

169 797 231 843 non
253 777 348 843 facile
370 776 454 842 effici
476 779 632 861 potuerit,
654 778 688 843 in
710 797 775 843 uno
792 777 908 844 horum
924 774 1219 842 codicum-servata
1234 774 1287 841 sit.

168 862 200 929 N
202 883 243 929 on
265 861 343 928 licet
363 862 446 928 hauc
468 883 539 929 rem
560 883 618 948 per
638 865 748 930 omnia
763 864 908 930 carmina
921 860 1087 947 persequl3
1109 860 1178 942 sed,
1199 860 1288 945 quod

169 951 236 1016 iarn
269 948 348 1030 dixi,
381 947 468 1014 idern
521 949 589 1017 uod
620 949 661 1017 (11
690 951 797 1033 prima
824 950 929 1031 elegia
953 946 1097 1015 iudicari
1122 948 1158 1013 in
1182 950 1287 1013 lutum

169 1035 290 1103 Tibulli
311 1037 439 1101 textum
462 969 559 1101 cadit
593 1036 661 1103 lam
683 1037 785 1118 igitur
805 1034 982 1102 videndum
1004 1037 1055 1100 est
1073 1033 1155 1118 quid
1170 1050 1212 1099 ex
1227 1032 1288 1099 hac

170 1143 205 1188 re
231 1122 272 1188 de
298 1121 448 1188 codicum
475 1122 631 1189 affinitate
657 1122 806 1189 concludi
832 1123 945 1206 possit.
989 1118 1133 1186 Necesse
1156 1123 1207 1187 est
1228 1119 1287 1185 hos

169 1212 238 1275 tres
265 1205 403 1290 codices,
429 1209 578 1291 quamvis
605 1208 709 1275 multa
732 1206 934 1275 intercedant
959 1205 1155 1291 apographa,
1181 1204 1287 1272 redire

170 1294 212 1360 ad
238 1313 406 1361 commune
434 1295 656 1380 archetypum,
683 1315 725 1361 ex
752 1314 816 1379 quo
839 1295 867 1360 si
889 1295 937 1360 ita
959 1292 1097 1359 derivati
1119 1294 1230 1359 esseut
1248 1295 1289 1358 ut

170 1401 282 1447 eorum
310 1379 442 1446 111111
473 1380 586 1448 codem
613 1382 797 1466 apographo
825 1381 984 1463 originem
1011 1378 1176 1459 ducerent,
1205 1377 1287 1445 duas

168 1470 298 1533 tanturn
319 1466 504 1533 traditionis
527 1467 656 1535 classes
669 1467 874 1549 haberemus,
902 1466 1040 1545 alteram
1061 1465 1097 1530 in
1117 1465 1185 1531 illis
1206 1464 1287 1530 duo·

171 1554 243 1635 bus,
266 1552 401 1619 alteram
423 1552 458 1618 in
478 1554 577 1621 tertio
600 1552 720 1621 codice.
757 1554 869 1638 ltaque
892 1554 1098 1619 occurrerent
1118 1570 1186 1617 non
1204 1549 1287 1617 nulli

170 1644 256 1707 certe
283 1639 348 1707 loci
373 1638 493 1724 quibus
518 1659 632 1706 rerum
653 1640 688 1705 in
710 1640 814 1707 altera
836 1641 948 1720 classe,
971 1637 1097 1704 duobus
1121 1636 1287 1704 codicibus

169 1728 421 1812 repraesentata,
448 1727 496 1791 ita
521 1726 734 1812 depravatum
762 1730 850 1794 esset
873 1728 913 1792 ut
937 1724 1125 1792 coniectura
1150 1744 1215 1791 non
1240 1724 1288 1789 ita
1353 1767 1356 1773 -

169 1813 265 1879 facile
287 1812 396 1879 sanari
416 1817 539 1897 posset,
561 1813 679 1896 quibus
701 1817 810 1879 tamen
831 1813 949 1880 tertius
970 1810 1074 1877 codex
1095 1829 1209 1875 remur
1231 1830 1286 1876 ex·

169 1899 307 1966 biberet.
356 1897 451 1964 Tales
485 1898 549 1965 loci
582 1898 737 1983 quoniam
762 1920 826 1966 non
852 1898 1062 1965 inveniuntur
1086 1896 1121 1961 in
1147 1895 1286 1977 Tibullo,

46 2022 49 2025 ·
169 1986 232 2052 hoc
253 1987 342 2051 certo
363 1985 476 2067 negari
490 1988 611 2070 potest,
632 1985 715 2052 duos
729 1986 846 2052 horum
861 1984 1010 2052 codicum
1024 1983 1143 2048 artiore
1158 1982 1286 2050 vinculo

49 2082 52 2087 “
169 2073 256 2138 inter
281 2090 317 2137 sc
345 2072 534 2138 coniunctos
561 2091 640 2138 1111.
689 2071 741 2139 Ex
767 2071 829 2138 hac
852 2074 964 2136 cubem
990 2087 1026 2134 re
1051 2067 1087 2134 id
1112 2072 1285 2153 procerte

161 2155 329 2242 11111111,
350 2156 392 2222 111
407 2155 487 2224 11111
502 2157 620 2241 quibus
636 2159 718 2226 duae
740 2159 896 2224 lectiones
917 2157 951 2222 in
967 2154 1132 2222 codicibus
1147 2154 1286 2221 traditae

172 2247 258 2325 sunt,
273 2262 412 2327 quarum
425 2247 502 2310 ntra
515 2264 592 2310 vera
607 2244 650 2312 sit
666 2265 725 2331 per
740 2265 775 2310 se
802 2242 972 2310 diiudicari
995 2261 1059 2306 non
1081 2245 1199 2326 potest,
1215 2261 1285 2307 eam

170 2327 416 2415 praeferendam
438 2350 510 2397 1111
533 2351 617 2416 quae
641 2330 781 2397 duorum
802 2328 952 2396 codicum
980 2346 1139 2394 consensu
1160 2326 1286 2409 nititur,

171 2436 226 2483 eas
253 2418 363 2483 antem
387 2416 543 2484 lectiones
570 2436 654 2502 quae
680 2417 720 2482 ab
746 2415 949 2483 1111111111
975 2416 1087 2480 contra
1108 2416 1287 2480 ceterorum

170 2521 362 2569 consensum
394 2503 613 2587 praebentur,
640 2504 740 2569 etiam
773 2503 803 2568 si
835 2520 931 2567 verae
963 2504 1050 2581 sunt,
1081 2503 1192 2566 tamen
1226 2518 1285 2584 pro

171 2589 317 2656 virorum
339 2585 508 2656 doctorum
530 2590 725 2656 coniecturis
747 2586 913 2655 habendas
935 2606 1015 2652 esse.

256 2673 331 2741 Non
356 2677 425 2740 tarn
449 2676 521 2742 fuse
550 2675 590 2741 de
617 2677 669 2742 his
694 2673 823 2756 legibus
849 2693 909 2758 per
937 2692 972 2739 se
999 2671 1080 2739 satis
1101 2671 1284 2755 perspicuis

171 2761 400 2847 disputassem,
421 2762 486 2829 nisi
507 2761 663 2829 vidissem
681 2761 781 2826 etiam
801 2759 1045 2826 Lachmannum
1071 2757 1190 2841 quique
1212 2760 1287 2842 post

159 2868 246 2915 41111
267 2846 432 2914 Tibullum
458 2846 637 2929 ediderunt,
665 2848 706 2913 ab
732 2848 775 2912 111
800 2865 865 2913 nou
892 2862 1070 2929 numquam
1096 2841 1136 2908 ob
1161 2862 1286 2923 causas,

170 2933 311 3001 11111111
332 2933 473 3015 videtur,
494 2954 560 3000 non
581 2935 662 3000 satis
684 2952 798 3015 111111
819 2933 1003 2998 recessisse.
1036 2929 1149 3014 ltaque
1171 2931 1287 3014 postea

170 3020 211 3086 de
236 3040 301 3087 non
324 3019 425 3085 nullis
450 3021 530 3086 locis
560 3018 732 3105 disputabo
755 3017 935 3104 quibusda
957 3036 1052 3084 eare
1074 3015 1167 3082 aliter
1189 3034 1286 3099 quarn

169 3107 236 3173 illis
257 3107 365 3173 visum
387 3110 439 3172 est
459 3105 670 3173 iudicandum
692 3125 764 3172 1111
786 3105 869 3172 mihi
883 3103 1022 3170 ridetur.
1055 3100 1150 3167 Nune
1165 3103 1285 3181 autem,

169 3213 210 3259 ne
227 3192 305 3293 quid
319 3192 532 3259 dubitationis
554 3196 666 3273 restet,
689 3211 801 3258 omnes
819 3211 875 3257 eos
897 3190 995 3269 locos,
1018 3189 1157 3272 excepta
1176 3189 1284 3272 prima

171 3279 283 3362 elegia,
300 3278 492 3345 enumerabo
509 3278 628 3362 quibus
643 3299 757 3344 verum
772 3277 812 3344 ab
827 3297 892 3344 uno
908 3275 1018 3342 codice
1035 3278 1146 3340 contra
1160 3276 1286 3340 cetoros

171 3365 374 3445 exhibeatur,
396 3368 435 3430 ut
455 3384 535 3430 num
559 3365 766 3431 inveniantur
786 3364 851 3430 loci
866 3361 985 3448 quibus
1001 3359 1094 3426 aliter
1109 3380 1207 3445 quam
1221 3359 1286 3425 feci

171 3451 211 3518 de
239 3450 388 3518 codicum
417 3451 572 3517 affinitate
599 3452 719 3518 sentire
741 3468 894 3534 cogamur
915 3448 955 3514 ab
977 3465 1170 3532 unoquoquo
1190 3445 1286 3511 facile

169 3537 309 3605 iudicari
334 3537 447 3621 possit.
493 3536 600 3605 Pauca
624 3537 928 3606 commemoratione
954 3554 1019 3601 non
1042 3532 1139 3617 digna
1160 3532 1284 3599 omitto.

414 3757 490 3827 ec
567 3746 570 3747 *
717 3671 742 3741 1'
989 3755 1022 3824 Α
1105 3838 1110 3847 .

169 3881 194 3962 1,
217 3881 249 3964 2,
272 3879 291 3943 3
312 3899 504 3966 percussum
525 3883 675 3966 tempora
772 3877 942 3963 perfusum
959 3874 1139 3961 temptffl)

169 3966 195 4052 1,
216 3968 248 4051 1,
271 3966 311 4031 oe
333 3971 410 4057 poso
775 3959 897 4047 mox'l
