2988 4564
619 264 837 328 ...gg..

320 451 356 520 si
379 453 440 519 tibi
461 473 521 539 per
541 457 651 520 tutum
672 452 870 540 planumque
892 454 1063 537 negabitur
1084 450 1133 521 ire

370 544 467 624 atque
489 540 550 606 erit
572 542 722 625 opposita
743 542 841 607 ianua
862 541 946 606 11111
968 561 1051 607 sera.

167 624 319 691 Ovidium
341 627 442 710 igitur
463 626 524 692 hoc
545 628 616 693 loco
633 626 798 693 Tibullum
821 627 985 692 imitatum
1001 646 1085 708 esse,
1101 625 1194 711 apud
1211 645 1286 693 1111

167 713 277 813 autem
306 710 426 814 „tiilta“
461 733 501 779 cx
526 713 586 779 hoc
614 734 679 779 uno
708 714 818 780 codiee
841 714 1064 797 reponendum
1087 732 1158 778 esse
1181 711 1286 779 Baeh-

167 797 1286 971 11111111111111111111ἕὲ11111111111

166 974 205 1036 ut
227 971 307 1037 mihi
329 973 467 1053 videtur,
493 991 690 1056 quamquam
712 992 844 1038 causam
867 973 1054 1039 offensionis
1068 991 1132 1037 non
1148 971 1285 1055 apernit.

166 1057 204 1122 ln
236 1058 297 1124 hae
334 1060 422 1124 enim
453 1059 614 1143 scriptura
639 1079 703 1125 non
729 1062 866 1144 apparet
891 1080 968 1125 num
996 1059 1157 1125 ablativus
1186 1056 1288 1138 „dura

168 1143 260 1210 sera“
289 1145 331 1210 ad
358 1143 559 1226 ᾖ1111111111α
588 1165 630 1210 an
657 1145 699 1211 ad
728 1144 847 1227 „fulta“
877 1145 1064 1212 referendus
1088 1145 1146 1225 sit3
1179 1162 1287 1210 carere

168 1230 255 1296 enim
283 1251 321 1297 eo
346 1236 500 1298 neutrum
527 1230 661 1298 verbum
687 1235 807 1317 potest.
859 1230 944 1298 Sane
972 1232 1079 1298 solent
1105 1232 1139 1295 in
1167 1229 1287 1296 talibus

166 1316 248 1383 locis
272 1318 379 1384 dicere
401 1318 443 1384 ad
463 1320 637 1403 utrumque
664 1317 800 1384 verbum
827 1338 939 1384 casum
965 1316 1137 1403 pertinere,
1163 1320 1196 1382 et
1221 1317 1287 1381 for-

166 1407 254 1470 tasse
275 1425 311 1470 re
338 1425 413 1471 vera
433 1425 497 1470 non
522 1423 699 1488 numquam
721 1426 773 1470 res
800 1405 847 1471 sic
873 1404 978 1489 accipi
1003 1407 1121 1488 potest
1166 1402 1288 1468 Tamen

167 1511 232 1557 non
254 1494 333 1577 puto
357 1491 444 1576 apud
465 1490 563 1557 huius
586 1490 720 1575 quidem
744 1492 862 1557 aetatis
884 1494 998 1575 poetas
1021 1488 1168 1573 exempla
1189 1488 1287 1554 huius

167 1599 247 1644 11111
276 1578 416 1643 11111111
443 1576 561 1661 quibus
588 1598 653 1643 non
681 1577 818 1644 alterum
846 1581 932 1643 certe
966 1576 1082 1642 horum
1114 1575 1285 1641 verborum

169 1665 267 1730 etiam
289 1684 352 1730 non
377 1662 488 1730 addito
515 1683 594 1730 casu
621 1664 770 1745 intellegi
795 1664 908 1750 possit.
953 1661 989 1729 si
1016 1662 1117 1746 igitur
1138 1660 1287 1727 Tibullus

170 1749 323 1817 dixisset:
360 1749 499 1831 „Clausa
525 1754 576 1816 est
603 1750 703 1815 ianua
728 1750 811 1816 dura
835 1770 907 1817 sera
931 1746 1047 1830 fulta“,
1073 1747 1207 1814 tolerari
1227 1747 1290 1814 hcc

167 1842 290 1921 posset,
318 1838 470 1921 quoniam
498 1837 642 1921 perfecto
670 1835 817 1902 absolute
843 1837 894 1902 uti
915 1838 1042 1922 poterat
1062 1838 1169 1919 poeta,
1195 1853 1288 1918 prae·

169 1924 254 1989 senti
283 1943 346 1988 non
374 1923 464 1989 item.
515 1922 635 1989 Contra
662 1922 771 1988 Ovidii
798 1923 889 1989 locus
914 1923 1038 1989 nullam
1064 1921 1288 1989 difficultatem

167 2009 310 2095 praebet.
352 2009 464 2093 ltaque
491 2012 578 2075 recte
599 2008 813 2091 Rossbergius
840 2028 881 2075 ex
903 2007 1018 2075 Ouidio
1047 2004 1167 2088 „tulta“
1197 2008 1232 2072 in
1259 2005 1289 2073 G

167 2096 288 2163 librom
310 2097 497 2180 pervenisse
523 2095 717 2179 suspicatur,
745 2094 833 2179 quod
854 2095 920 2175 ille,
949 2095 1026 2178 quia
1047 2095 1082 2158 in
1105 2113 1288 2160 summare

169 2181 366 2249 Baehrensio
390 2181 568 2248 assentitur
589 2201 664 2247 cum
687 2199 787 2265 eoque
810 2178 840 2247 G
863 2201 880 2246 e
903 2180 1023 2247 decimi
1045 2180 1097 2245 vel
1123 2179 1288 2246 undecimi

171 2268 293 2335 saeculi
320 2268 430 2335 codice
460 2267 659 2352 descriptum
687 2287 759 2334 esse
787 2269 892 2350 putat,
927 2287 965 2333 eo
994 2270 1140 2350 tempore
1167 2267 1289 2331 factum

170 2375 242 2421 esse
271 2355 372 2440 ponit.
417 2351 489 2419 Hoc
527 2353 664 2435 cogitari
696 2373 791 2437 posse
821 2354 1000 2437 praefracte
1033 2352 1164 2437 negavit
1184 2350 1288 2417 Baeh-

170 2440 407 2521 rensius,cuius
419 2440 539 2506 iudicio
552 2458 749 2525 quamquam
759 2440 795 2505 in
805 2439 927 2506 talibus
943 2438 1068 2525 aliquid
1079 2437 1288 2504 tribuendum

170 2547 239 2594 esse
262 2527 411 2607 concedo,
433 2530 541 2592 tamen
563 2525 617 2591 hic
638 2526 770 2609 quidem
792 2546 857 2592 non
879 2526 975 2592 video
999 2546 1066 2607 cur,
1089 2525 1117 2591 si
1138 2526 1290 2607 excerpta

170 2614 328 2694 Pariana,
355 2632 438 2696 qnae
465 2613 535 2678 sine
563 2611 661 2678 dnbio
689 2632 754 2677 non
775 2616 851 2696 post
873 2612 1100 2679 duodecimum
1124 2610 1289 2677 saeculum

170 2703 241 2766 orta
263 2703 349 2781 sunt,
372 2698 411 2764 ob
434 2700 587 2765 metricas
609 2698 750 2766 rationes
773 2699 951 2765 secundum
973 2697 1080 2764 Ovidii
1103 2695 1289 2782 exemplum

170 2789 313 2853 correcta
334 2787 419 2864 sunt,
444 2784 530 2868 qnod
551 2805 592 2850 ne
613 2782 832 2852 Baehrensius
856 2784 988 2869 quidem
1010 2785 1117 2865 negat,
1130 2781 1231 2848 idem
1254 2782 1289 2847 in

171 2872 200 2939 G
226 2872 302 2938 libri
328 2871 502 2954 archetypo
531 2870 570 2936 ob
598 2870 678 2936 alias
706 2891 822 2938 causas
849 2872 918 2937 fieri
940 2891 1004 2937 non
1026 2869 1178 2954 potuerit.
1223 2866 1290 2935 Sed

170 2959 253 3024 nihil
274 2958 375 3023 refert
397 2956 476 3039 qnid
498 2956 537 3024 de
559 2957 620 3023 hac
642 2978 677 3023 11
699 2957 891 3024 iudicemus.
936 2955 1076 3022 Etiamsi
1101 2955 1189 3020 enim
1215 2955 1289 3038 quis

171 3045 363 3111 Baehrensii
386 3042 425 3108 de
450 3043 560 3109 codice
584 3042 613 3110 G
635 3045 814 3110 sententias
836 3044 962 3128 probat,
992 3048 1103 3108 tamen
1129 3040 1189 3106 hoo
1216 3041 1288 3123 qui-

171 3132 246 3198 dem
278 3131 347 3195 loco
380 3129 470 3195 nulla
502 3151 537 3195 11
569 3129 747 3214 impeditur
780 3149 843 3214 quo
872 3131 981 3195 minus
1013 3126 1140 3194 saeculo
1197 3127 1288 3191 uioto

170 3216 225 3283 vel
246 3214 502 3300 quartodecimo
516 3216 799 3300 interpolationem
815 3218 918 3281 ortam
935 3233 1007 3279 esse
1023 3215 1155 3278 statuat.
1216 3230 1288 3276 rae-

171 3303 248 3369 bere
276 3304 387 3368 autem
413 3302 466 3368 hic
489 3300 518 3368 G
545 3302 830 3386 interpolationem
857 3322 898 3366 111
925 3298 1035 3364 Ovidii
1060 3298 1130 3365 loco
1159 3297 1290 3365 ductam

171 3391 253 3456 mihi
275 3388 406 3473 quidem
427 3407 617 3471 persuasum
642 3392 692 3453 est
714 3390 747 3454 11
767 3389 905 3453 fortasse
927 3386 1046 3451 clarius
1069 3385 1168 3451 etiam
1189 3405 1289 3470 appa·

171 3477 257 3543 rabit
279 3496 296 3541 e
319 3477 473 3559 sequente
495 3473 652 3558 exemplo,
675 3493 739 3558 quo
763 3472 875 3540 eadem
890 3492 944 3538 res
960 3471 1139 3539 certissime
1156 3471 1289 3549 demon-

172 3564 269 3630 strari
291 3581 387 3647 posse
410 3560 492 3625 mihi
514 3560 652 3628 videtur.

257 3647 292 3715 In
309 3646 455 3714 eiusdem
471 3647 559 3712 enim
575 3645 726 3712 carminis
741 3664 840 3709 versu
858 3644 896 3706 19
908 3642 940 3708 ff.
957 3643 998 3710 de
1013 3644 1139 3711 Venere
1154 3643 1288 3709 dicitur:

322 3734 383 3800 llla
404 3732 500 3798 docet
521 3733 612 3799 molli
633 3732 746 3798 furtim
769 3730 921 3814 derepere
943 3731 1037 3812 lecto,

372 3818 430 3884 illa
451 3819 570 3903 pedem
590 3819 681 3885 nullo
704 3834 824 3901 ponere
847 3836 942 3902 posse
964 3836 1053 3899 sono,
1118 3872 1120 3877 ,

323 3905 381 3970 illa
402 3904 472 3969 viro
496 3923 600 3970 coram
624 3910 724 3970 111111
744 3904 890 3969 conferre
911 3903 1064 3988 loquaces

374 3989 555 4074 blandaque
578 3990 766 4075 compositis
790 3989 909 4057 abdere
932 3990 1030 4056 verba
1050 3987 1147 4054 notis.

1469 3514 1480 3555 l
