2988 4564
598 265 812 328 ..70.„

138 450 262 536 talique
299 471 341 517 ex
374 451 561 519 recensione
593 451 623 520 G
659 455 766 520 ortum
797 472 878 521 esse.
933 452 1118 521 innotuisse
1152 456 1260 520 autem
1348 470 1354 485 ·

138 539 271 604 illorum
314 541 498 623 temporum
542 540 763 622 grammaticis
807 544 961 624 excerpta
1003 540 1152 607 Parisina
1195 541 1261 607 iam

138 624 316 691 Muellerus
349 624 535 709 suspicatus
569 631 649 708 erat,
682 628 739 711 qui
773 627 871 692 etiam
897 625 1097 693 Lachmanni
1130 626 1260 693 codices

139 731 203 776 non
227 710 318 777 nulla
344 711 425 777 vitia
451 731 492 777 ex
519 713 560 777 111
586 713 725 780 traxisse
755 712 960 794 contendit.¹)
1006 711 1072 779 Sed
1094 734 1135 779 ex
1156 712 1261 780 Baeh-

138 796 238 863 rensii
265 798 428 863 sententia
454 797 511 864 hos
539 800 667 866 codices
697 820 752 866 eas
777 800 934 866 lectiones
961 800 1080 885 quibus
1107 820 1182 866 cum
1204 818 1261 864 ex-

139 883 258 967 cerptis
292 884 501 951 consentiunt
533 905 574 951 ex
607 887 678 971 ipso
706 886 736 954 G
769 887 948 972 sumpsisse
981 885 1168 972 ponendum
1201 889 1261 965 est,

139 989 256 1054 neque,
281 970 310 1036 si
330 971 378 1036 ita
399 970 543 1038 iudicare
560 992 758 1054 cogeremur,
780 973 934 1038 haberem
951 973 1038 1056 quod
1053 977 1165 1038 contra
1178 971 1261 1038 hanc

138 1058 980 1229 11111111111111111111
996 1056 1261 1231 currerit:

544 1195 551 1225 i

139 1230 228 1310 facit,
248 1230 439 1315 scriptorem
455 1251 509 1296 eos
524 1232 613 1297 locos
629 1252 647 1297 e
664 1231 773 1298 codice
789 1231 829 1309 G,
845 1251 942 1316 quem
958 1232 1028 1315 ipse
1043 1230 1261 1298 Baehrensius

140 1316 227 1382 circa
248 1336 369 1382 annum
393 1316 475 1380 1425
498 1317 657 1403 scriptum
679 1338 750 1385 esse
773 1321 877 1404 putat,
901 1314 1123 1402 sumpsissei)

224 1400 442 1469 Baehrensius
464 1404 564 1485 igitur
583 1425 658 1470 cum
672 1404 798 1470 duabus
813 1404 994 1470 rationibus
1017 1403 1099 1468 hanc
1122 1404 1261 1470 affinita-

138 1493 207 1554 tem
224 1489 381 1574 explicari
395 1509 490 1574 posse
504 1490 640 1569 rideret,
663 1495 775 1556 contra
790 1490 906 1555 harum
922 1489 1057 1555 alteram
1073 1494 1262 1572 argumenta

139 1577 284 1660 proferre
318 1580 452 1642 conatus
483 1580 543 1656 est,
577 1576 645 1657 sed,
678 1580 717 1642 ut
742 1577 824 1641 mihi
849 1575 988 1656 videtur,
1020 1596 1085 1641 non
1110 1576 1260 1642 feliciter.

140 1662 250 1747 Atque
272 1663 414 1747 primum
436 1662 568 1746 quidem
586 1664 717 1746 negavit
730 1663 835 1729 ullum
849 1661 967 1728 Italum
981 1682 1020 1727 ea
1035 1661 1115 1728 artis
1130 1663 1262 1728 criticae

139 1750 294 1814 facultate
321 1748 506 1834 praeditum
532 1749 634 1815 fuisse
662 1753 701 1814 ut
726 1752 819 1816 tanta
846 1768 921 1814 cum
944 1747 1137 1815 dexteritate
1161 1750 1261 1815 bonas

140 1835 295 1901 lectiones
319 1835 461 1918 eligeret,
484 1836 587 1901 malas
610 1840 790 1988 sperneret,
816 1839 985 1921 praeterea
1006 1835 1168 1901 neminem
1191 1834 1261 1900 ani·

140 1942 230 1987 mum
253 1921 465 1988 adversurum
486 1922 589 1988 fuisse
605 1943 624 1988 1
661 1921 895 2006 discrepantias
908 1924 975 1986 tam
993 1920 1131 1987 subtiles
1148 1920 1260 2005 quales

142 2011 219 2074 sunt
242 2005 348 2088 ,vita“
373 2028 432 2094 pro
457 2006 595 2090 ,vitae“,
620 2006 824 2089 „bidentem“
841 2027 899 2092 pro
917 2004 1114 2088 ,bidentes“.
1151 2008 1261 2091 Atque

140 2093 192 2159 his
227 2092 358 2177 quidem
390 2114 472 2178 quae
507 2095 647 2161 secundo
681 2095 752 2160 loco
785 2095 895 2179 posuit
931 2093 1120 2159 brevissime
1151 2097 1262 2178 potest

139 2179 337 2264 responderi.
382 2178 417 2245 Si
444 2180 529 2247 enim
553 2182 715 2265 ponimus,
742 2180 828 2264 quod
854 2179 924 2245 fieri
950 2183 1035 2245 certe
1060 2181 1198 2264 poterat,
1226 2180 1261 2245 in

141 2265 252 2331 codice
279 2266 398 2349 aliquo,
426 2286 446 2331 a
471 2286 535 2350 quo
558 2265 588 2333 G
615 2266 731 2332 ductus
760 2269 820 2347 est,
848 2286 975 2331 summa
1003 2285 1078 2331 curn
1105 2285 1183 2331 cura
1205 2285 1260 2329 ex·

141 2355 328 2437 carptorum
354 2352 508 2418 lectiones
534 2354 582 2419 ita
608 2351 777 2418 adnotatas
802 2352 904 2418 iuissc
936 2355 976 2417 ut
1003 2353 1167 2435 graviores
1194 2349 1260 2416 dis·

141 2437 324 2522 crepantiae
351 2437 387 2504 in
414 2438 567 2520 margine,
594 2439 732 2505 leviores
759 2439 850 2506 velut
878 2457 936 2504 cae
965 2458 1047 2522 quae
1073 2458 1140 2502 una
1164 2438 1262 2503 litera

141 2525 363 2591 efficiebantur
384 2525 469 2591 iuter
490 2525 593 2592 lineas
615 2528 812 2612 ponerentur
829 2525 880 2590 vel
900 2523 1000 2590 etiarn
1015 2524 1212 2589 correctione
1227 2524 1261 2589 in

139 2611 249 2695 ipsum
270 2614 398 2676 textum
412 2612 616 2692 inferrentur,
638 2612 762 2678 nullam
776 2612 842 2677 iam
856 2610 1024 2693 praeberet
1039 2609 1261 2676 difficultatem

141 2697 170 2763 si
193 2719 212 2763 a
234 2697 367 2764 librario
390 2697 524 2763 nonita
546 2698 702 2782 diligenti,
725 2699 782 2782 qui
802 2698 859 2762 illo
883 2696 991 2762 codice
1009 2716 1090 2761 usus
1105 2699 1165 2775 est,
1188 2716 1260 2778 gra-

140 2784 246 2849 viores
280 2783 516 2867 discrepantiae
549 2786 618 2850 1111
647 2785 821 2865 neglectae,
855 2783 993 2847 leviores
1020 2784 1086 2847 1111
1112 2784 1261 2865 receptae

141 2872 258 2935 esseut.
302 2868 415 2954 Itaque
442 2890 482 2935 ex
505 2870 566 2936 hae
588 2870 719 2954 quidem
742 2889 776 2935 re
799 2868 881 2935 nihil
903 2868 987 2933 effici
1009 2869 1127 2953 potest.
1172 2867 1262 2945 Quae

141 2960 251 3023 autern
273 2954 488 3023 Baehrensius
511 2976 553 3023 ex
575 2957 720 3024 bonitate
747 2975 859 3023 earum
879 2953 1057 3022 lectionum
1081 2973 1163 3038 quae
1186 2956 1262 3020 sunt

229 3175 249 3241 ¹)
267 3176 399 3230 Praefatio
418 3190 479 3243 pag.
497 3177 548 3230 XI.

227 3243 248 3311 ²)
268 3244 370 3297 Gentius
389 3244 421 3295 de
438 3245 487 3297 hac
505 3261 532 3297 re
550 3245 662 3299 iudicari
678 3249 778 3314 posset,
802 3246 824 3299 si
842 3245 922 3313 paulo
941 3243 1025 3296 maior
1048 3245 1118 3294 esset
1135 3257 1259 3295 numerus

141 3330 231 3367 eorum
249 3313 365 3367 locorum
384 3313 480 3379 quibus
497 3331 568 3367 uuus
586 3319 732 3368 ceterorum
751 3315 871 3368 codicum
888 3328 948 3365 cum
967 3311 1097 3378 excerptis
1121 3311 1259 3364 consentit

143 3383 187 3436 Sic
200 3383 269 3435 enim
288 3382 377 3450 quaeri
395 3385 494 3448 posset,
512 3400 577 3435 num
589 3385 630 3436 his
644 3385 779 3437 codicibus
798 3385 888 3436 essent
900 3382 1044 3446 scripturae
1057 3395 1116 3431 cum
1128 3381 1259 3448 excerptis

141 3467 291 3505 communes
310 3452 407 3519 quibus
425 3448 493 3504 Gab
511 3452 564 3504 illis
583 3453 720 3520 discrepat.
750 3451 826 3504 Nunc
839 3466 872 3503 ex
883 3449 975 3518 paucis
995 3448 1040 3515 qui
1059 3451 1164 3501 exstant
1180 3450 1260 3502 huius

140 3522 212 3574 modi
229 3521 295 3574 locis
318 3519 384 3572 nihil
406 3518 470 3572 mihi
492 3520 596 3573 ridetur
622 3537 669 3589 pro
697 3522 767 3573 certo
795 3517 863 3571 effici
889 3532 976 3585 posse.
1012 3517 1111 3570 Tamen
1127 3533 1219 3571 moneo
1239 3517 1259 3583 l,

140 3588 165 3654 5,
178 3589 212 3641 70
231 3589 250 3642 Ο
270 3590 392 3642 exhibere
410 3585 503 3653 „sors“
515 3605 562 3657 pro
575 3585 665 3656 „fors“
681 3605 740 3641 cum
757 3588 838 3639 altero
857 3590 1039 3654 excerptorum
1057 3586 1155 3652 codice,
1172 3587 1193 3649 I,
1205 3583 1258 3652 9‚3

142 3660 166 3711 A
183 3659 234 3726 „ah
252 3660 330 3710 miser
348 3660 389 3710 est
406 3654 446 3708 si“
470 3674 528 3710 cum
546 3658 676 3724 excerptis
694 3673 741 3725 pro
763 3657 815 3722 „ab
833 3656 919 3722 miser,
938 3652 1014 3721 etsi“,
1037 3655 1150 3722 denique
1167 3669 1259 3707 versus

140 3728 174 3793 ΙΙ,
192 3727 217 3793 6,
235 3725 269 3777 20
287 3726 311 3778 A
329 3725 437 3778 eandem
454 3725 563 3778 formam
580 3727 703 3779 exhibere
725 3740 792 3792 quae
815 3726 901 3777 exstat
922 3725 952 3776 in
973 3725 1113 3793 excerptis,
1132 3738 1183 3789 quo
1201 3724 1258 3776 loco

141 3795 326 3848 Lachmanuus
350 3811 405 3847 non
431 3798 501 3847 recte
526 3795 591 3846 mihi
617 3794 721 3846 videtur
747 3793 779 3845 de
805 3793 903 3846 codicis
928 3792 952 3846 A
974 3794 1103 3861 scriptura
1131 3793 1259 3858 dubitare,

142 3865 265 3932 quoniam
291 3869 344 3916 tam
371 3863 456 3930 grauis
482 3862 658 3930 discrepantia
676 3863 814 3915 Heinsium
839 3861 929 3929 fugere
955 3878 1010 3914 uon
1040 3861 1118 3913 facile
1146 3864 1257 3927 poterat.

142 3933 238 3986 Tribus
250 3933 291 3984 his
303 3933 368 3985 locis
381 3931 404 3982 G
416 3932 449 3983 ab
467 3933 598 3998 excerptis
616 3931 756 4000 discrepat,
775 3935 801 3984 11
818 3931 929 3984 fortasse
946 3946 1001 3983 uon
1018 3929 1092 3982 nulla
1108 3929 1160 3981 alia
1177 3929 1256 3980 huius

141 4002 179 4053 rei
198 3999 317 4069 exempla
334 3999 447 4053 inveniri
465 4004 587 4066 possunt.
