2988 4564
615 303 829 367 ..qq-

162 494 302 561 eerdotis
324 493 514 560 vaticinium
536 493 694 560 narratur.
738 490 881 577 Nemini,
908 499 946 562 ut
969 497 1058 580 puto,
1085 495 1229 580 placeret
1252 495 1280 564 si

162 582 236 667 quis
259 582 293 648 in
315 579 508 648 Germanica
533 580 630 648 huius
656 580 719 647 loci
745 579 1011 665 interpretatione
1039 587 1174 668 poneret
1202 582 1282 665 „der

161 668 265 754 paoke
289 667 358 733 sich
380 665 483 750 fort“,'
496 668 581 753 quod
606 667 656 733 illi
681 688 734 750 „se
758 665 903 734 auferai“
927 668 1023 754 plane
1046 669 1229 756 respondet.

226 753 409 821 'Versuum
431 755 455 836 l,
479 755 509 836 6,
533 756 572 819 71
597 756 631 821 et
650 755 691 817 72
713 755 818 821 forma
839 775 904 821 non
927 755 1006 822 satis
1027 761 1176 824 'constare
1198 756 1280 823 milri

161 841 299 907 ridetur.
346 840 573 908 Lachmannus
592 841 680 908 enim
705 842 760 907 eos
784 841 830 908 sio
853 841 999 909 exhibet:
1053 846 1056 852 ’
1116 842 1119 852 ”
1232 840 1236 846 ”
1275 842 1281 853 ”

313 925 357 993 Et
379 928 406 993 si
429 928 507 1012 quid
527 932 680 1013 peccasse
704 931 808 1013 putet,
832 928 995 1014 ducarque
1018 928 1144 1013 capillis
1208 1010 1211 1015 y

362 1014 526 1080 immerito
548 1024 665 1100 pronas
688 1014 914 1100 proripiarque
937 1016 1017 1083 vias.

162 1098 228 1167 Sed
249 1101 461 1167 utomittam
493 1101 592 1168 bonos
619 1102 745 1168 codices
772 1121 835 1166 non
861 1099 1003 1186 ,putet“,
1031 1103 1119 1186 quod
1139 1102 1280 1170 Puocius

160 1186 271 1268 tradit,
294 1187 352 1253 sed
377 1185 509 1272 ,putat“
534 1187 695 1270 exhibere,
718 1207 777 1271 pro
800 1206 863 1271 quo
882 1189 938 1254 alii
954 1188 1027 1254 Itali
1042 1187 1178 1256 fortasse
1193 1194 1279 1256 recte

164 1271 296 1357 ,puter“
327 1275 542 1355 coniecerunt,
577 1271 737 1360 „pronas“
765 1292 894 1359 quoque
921 1274 1033 1341 Puccii
1065 1276 1280 1357 coniecturae,

160 1363 198 1425 ut
220 1359 302 1425 mihi
325 1360 462 1442 videtur,
482 1359 633 1442 debetur;
655 1361 690 1425 in
714 1360 878 1427 codicibus
902 1360 989 1426 enim
1012 1366 1062 1428 est
1082 1361 1281 1447 „proprias.“

162 1444 282 1513 Fateor
308 1450 419 1513 autem
448 1467 499 1513 me
528 1447 607 1532 quid
634 1447 717 1514 illud
744 1444 904 1532 ‚2Pronas“
930 1446 984 1513 hic
1011 1447 1052 1513 ad
1077 1469 1146 1514 rem
1168 1448 1282 1516 afferat

162 1554 225 1599 non
247 1534 446 1615 intellegere,
469 1535 572 1599 totam
594 1536 705 1599 autem
726 1533 913 1615 imaginem,
937 1552 1018 1617 quae
1031 1554 1082 1621 ea
1099 1534 1163 1600 loci
1177 1535 1282 1602 forma

164 1617 259 1705 quam
282 1619 507 1687 Lachmannus
530 1618 661 1686 secutus
685 1624 735 1686 est
756 1617 861 1685 oritur
883 1619 965 1686 mihi
986 1619 1160 1687 admodum
1183 1618 1282 1688 mira-

163 1706 273 1773 biliter
292 1707 328 1772 in
343 1708 447 1773 maius
468 1709 598 1772 auctam
613 1706 725 1772 videri.
754 1705 848 1784 'Quid
864 1707 1044 1773 sententiae
1059 1711 1173 1795 aptum
1196 1705 1283 1775 esset

169 1797 255 1859 recte
275 1794 418 1860 'sensisse
441 1792 570 1859 videtur
585 1792 813 1873 Baehrensius,
836 1793 892 1877 qui
915 1793 1021 1859 locum
1036 1794 1085 1859 ita
1098 1792 1285 1862 immutarit

162 1883 201 1945 ut
223 1881 277 1946 hic
298 1901 414 1947 sensus
437 1880 601 1946 evaderet:
625 1879 719 1961 „Non
740 1879 834 1945 modo
858 1879 947 1946 domi
966 1879 1067 1946 ducar
1081 1881 1209 1966 capillis
1224 1882 1282 1948 sed

164 1967 264 2033 etiam
285 1966 320 2032 in
342 1966 489 2051 publicas
512 1966 582 2032 vias
604 1963 797 2051 proripiar“,
826 1967 951 2033 scilicet
978 1985 1041 2050 quo
1067 1968 1171 2033 maior
1189 1969 1282 2055 igno-

164 2054 267 2118 minia
289 2053 341 2118 sit.
375 2051 479 2136 Atqui
500 2053 535 2118 in
557 2051 756 2119 emendando
776 2052 837 2118 hoc
853 2073 951 2120 versu
965 2052 1058 2119 valde
1074 2053 1187 2119 dubito
1202 2074 1281 2119 num

164 2140 194 2205 a‘
210 2139 359 2205 codicum
386 2139 549 2224 scriptura
575 2135 764 2224 „proprias“
792 2139 1062 2224 proficiscendum
1096 2139 1147 2205 sit.
1196 2138 1282 2205 Illud

164 2227 250 2291 enim
277 2226 324 2291 ita
352 2225 430 2291 oriri
457 2225 551 2290 facile
579 2227 706 2309 poterat
730 2228 768 2290 ut
789 2224 840 2291 bis
863 2226 981 2310 scripto
1003 2224 1102 2290 initio
1116 2219 1282 2308 sequentis

163 2311 254 2377 verbi
275 2331 387 2378 verum
411 2331 429 2378 e
452 2331 510 2376 suo
533 2311 602 2376 loco
624 2308 812 2396 pelleretur.
856 2310 969 2396 Itaque
996 2310 1136 2377 fortasse
1155 2310 1280 2400 *aliquis

163 2397 398 2465 Baehrensium
421 2417 462 2464 ex
483 2400 576 2483 parte
599 2400 729 2464 secutus
752 2397 896 2463 conicere
918 2395 1036 2482 possit:

315 2483 360 2550 Et
383 2484 412 2549 si
434 2484 513 2569 quid
534 2503 685 2568 peccasse
707 2486 813 2568 putet,
837 2481 1002 2568 ducarque
1025 2481 1153 2566 capillis

365 2570 527 2636 immerito
550 2571 585 2636 in
607 2569 730 2636 medias
753 2569 977 2654 proripiarque
999 2571 1081 2650 vias,

164 2675 360 2741 quamquam
381 2657 517 2740 prorsus
536 2656 694 2722 incertam
717 2675 789 2722 esse
810 2655 893 2722 hane
920 2656 1139 2745 coniecturam
1167 2674 1281 2721 conco-

164 2742 305 2808 dendum
328 2746 387 2809 est.
421 2742 641 2809 Baehrensius'
659 2747 780 2824 autem,
803 2760 1000 2826 quamquam
1025 2761 1185 2807 summam
1208 2761 1282 2807 sen-

162 2830 299 2895 tentiam
321 2833 407 2896 reete
430 2830 585 2914 percepit,
608 2833 716 2895 tamen
738 2830 772 2893 in
795 2827 932 2914 singulis
955 2827 1049 2909 longe
1064 2848 1084 2892 a
1098 2846 1173 2893 vero
1189 2827 1282 2893 aber-

162 2935 253 2982 rasse
276 2916 358 2981 mihi
379 2915 518 2998 videtur,
541 2916 594 2981 hic
617 2935 745 3000 quoque
767 2914 802 2979 in
825 2933 966 2978 errorem
991 2913 1108 2980 ductus
1125 2913 1282 2996 singulari

162 3002 239 3068 libri
272 2999 301 3068 G
335 3003 506 3087 scriptura,
541 3021 637 3086 quam
672 2999 825 3085 equidem
857 2999 1042 3066 coniectura
1076 3002 1179 3065 ortam
1209 3019 1281 3066 esse

163 3091 253 3173 puto.
298 3088 346 3154 Ibi
374 3089 460 3154 enim
489 3092 562 3154 eum
588 3087 764 3153 invenisset
792 3083 1020 3171 ,properansiss
1046 3083 1152 3152 totum
1174 3086 1283 3154 locum

163 3175 364 3257 gravissimis
386 3173 623 3241 mutationibus
646 3174 693 3240 sic
715 3173 875 3238 restituit:

314 3259 359 3327 Et
380 3261 409 3327 si
432 3260 511 3346 quid
533 3263 685 3344 peccasse
707 3258 814 3343 putor,
836 3257 997 3341 ducetque
1020 3255 1147 3340 capillis

366 3349 400 3413 in
423 3347 546 3413 medias
568 3365 743 3432 properans
764 3344 987 3428 proripiatque
1010 3343 1097 3408 vias.
1197 3370 1200 3375 ·

163 3431 227 3499 Sed
250 3433 331 3498 mihi
353 3434 434 3499 illud
458 3428 675 3517 „properans‘'‘
698 3430 816 3495 mirum
832 3433 990 3515 quantum
1005 3428 1172 3514 displicet3
1196 3432 1287 3494 certe·

162 3521 267 3585 multo
295 3521 400 3586 maior
425 3520 474 3584 vis
497 3520 619 3583 inesset
641 3518 830 3597 sententiae,
855 3516 883 3582 si
910 3514 993 3581 illud
1020 3516 1155 3582 deesset.
1202 3512 1283 3579 Cum

164 3609 276 3672 autem
298 3608 454 3692 appareat
469 3603 706 3670 Baehrensium
728 3607 766 3669 ut
788 3602 870 3668 illud
892 3605 1019 3669 teneret
1040 3605 1183 3668 tentasse
1200 3601 1282 3696 quae

163 3696 288 3759 tentare
311 3713 374 3758 non
397 3689 545 3771 debebat,
567 3691 659 3756 velut
680 3690 763 3756 illud
787 3686 1005 3771 „immorito“,
1028 3688 1098 3755 eins
1125 3686 1284 3753 sententia

162 3779 245 3845 mihi
266 3778 398 3851 videtur
419 3797 551 3862 prorsus
572 3776 736 3843 reicienda
760 3795 842 3842 esse.

250 3864 274 3945 l,
300 3867 329 3946 t,
354 3865 373 3926 3
391 3862 420 3931 G
436 3864 578 3946 exhibet,
599 3863 685 3947 quod
700 3861 914 3929 Baehrensius
930 3860 1066 3945 recepit,
1092 3852 1283 3939 „irangere“

163 3972 222 4036 pro
246 3948 432 4032 „fundere“,
466 3950 556 4016 nulla
586 3950 764 4016 sententiae
790 3947 1022 4013 immutatione.
1067 3943 1131 4009 Hic
1156 3961 1288 4027 quoque*

165 4037 194 4104 G
223 4038 298 4104 libri
326 4038 517 4122 scriptorem
544 4037 675 4118 ingenio
703 4034 878 4101 indulsisse
904 4035 995 4118 puto,
1030 4030 1082 4098 cui
1104 4030 1285 4097 sententiae
