2988 4564
634 307 848 372 ...50-

186 497 217 562 ei
232 495 397 577 assentiri3
419 513 505 560 nune
527 498 647 575 autem,
671 514 745 563 oum
766 495 879 562 lioeret
892 493 1091 563 Lachmauni
1110 499 1301 581 apparatum

184 585 218 648 in
240 583 301 649 hae
324 583 441 649 saltem
467 601 502 646 re
528 580 696 647 meliorem
724 581 873 663 reddere,
903 602 939 648 eo
963 583 1049 667 quod
1079 584 1148 650 sine
1175 582 1301 649 idoneis

186 671 293 736 oausis
320 689 430 735 omnes
452 667 652 734 Laohmanni
681 668 809 733 oodioes
832 669 937 734 esuis
965 668 1125 736 derivatos
1152 689 1222 735 esse
1245 689 1302 753 po-

185 758 253 822 suit
272 756 312 821 ob
336 774 472 838 eamque
495 755 688 820 sententiam
705 754 804 820 etiam
819 753 850 819 A
866 757 899 818 et
914 752 939 819 O
954 753 1153 821 Laohmanni
1175 754 1301 821 oodiees

184 863 318 927 prorsus
344 842 496 924 neglexit,
524 843 715 924 apparatum
744 841 926 925 composuit
950 839 1212 907 Laohmanniano
1239 861 1302 907 non

185 928 280 994 modo
314 947 376 993 non
404 928 573 992 meliorem
600 925 656 992 sed
688 925 791 992 multo
822 926 920 992 etiam
951 926 1153 994 deteriorem.
1209 927 1302 1004 Quod

184 1034 270 1080 nuno
293 1013 374 1079 mihi
395 1013 536 1096 primum
557 1011 665 1077 dehis
688 1012 814 1079 duobus
837 1011 1016 1095 aeditibus,
1038 1013 1254 1080 Ambrosiano
1270 1019 1304 1078 et

184 1100 352 1182 Vaticano,
376 1098 662 1165 demonstrandum
678 1101 737 1164 est.

271 1186 466 1270 Priusquam
491 1189 599 1250 autem
631 1184 713 1249 hano
741 1183 993 1268 disputationem
1028 1185 1209 1268 aggrediar,
1237 1205 1302 1251 non

183 1274 299 1339 inutile
322 1273 385 1338 erit
405 1272 519 1357 pauois
547 1271 581 1335 in
608 1271 797 1336 universum
823 1290 953 1337 monere
982 1271 1033 1338 his
1060 1271 1185 1338 duobus
1213 1272 1302 1338 eodi-

185 1360 287 1442 oibus,
322 1359 470 1442 quamvis
496 1356 607 1438 magni
629 1356 823 1422 aestimandi
850 1357 924 1439 sint,
959 1361 1069 1424 tamen
1096 1378 1151 1424 eas
1175 1362 1302 1424 senten-

183 1447 246 1512 tias
278 1465 358 1530 quas
390 1443 616 1509 Laohmannus
648 1442 688 1508 de
720 1442 922 1525 singulorum
956 1444 1102 1510 looorum
1141 1444 1301 1527 antiquis·

183 1531 266 1597 sima
295 1531 453 1597 memoria
479 1550 520 1595 ex
548 1529 617 1595 suis
651 1528 817 1595 oodioibus
852 1530 939 1614 oepit
971 1549 1034 1596 non
1065 1529 1159 1597 valdo
1181 1531 1300 1596 immu-

183 1619 257 1683 tari.
302 1616 404 1684 Cuius
426 1617 474 1682 rei
499 1635 598 1681 eausa
614 1615 879 1699 exsequentibus
902 1616 1087 1701 apparebit3
1109 1616 1156 1683 ita
1177 1637 1247 1683 rem
1264 1636 1300 1683 se

183 1704 303 1770 habere
326 1703 392 1768 iam
415 1722 500 1768 nuno
514 1702 657 1786 perspici
677 1704 794 1785 potest.
839 1700 924 1768 Nam
948 1704 1048 1769 etiam
1070 1703 1111 1769 iis
1127 1704 1184 1787 qui
1198 1702 1302 1769 Baeh-

183 1791 283 1856 rensii
306 1789 346 1855 de
366 1789 417 1855 his
432 1789 531 1854 rebus
555 1788 748 1853 sententiam
770 1787 910 1873 probant
932 1788 1171 1856 ooneedendum
1186 1789 1302 1855 esthis

183 1876 350 1942 codicibus
371 1874 454 1940 illud
477 1873 654 1940 Tibulliani
681 1878 791 1940 textus
817 1873 1066 1942 fundamentum
1088 1875 1175 1958 quod
1196 1873 1300 1941 Laoh-

183 1983 321 2028 mannus
344 1961 422 2026 ieoit
447 1964 600 2025 nontam
625 1960 727 2026 everti
754 1979 852 2043 quam
879 1962 949 2029 eius
975 1960 1144 2041 iudicium,
1173 1979 1237 2044 quo
1260 1981 1300 2026 ex

184 2068 300 2130 magno
332 2066 469 2113 numero
503 2045 652 2113 eodioum
685 2047 725 2112 ab
756 2046 822 2112 illis
856 2046 993 2128 duobus,
1024 2052 1063 2112 ut
1083 2045 1299 2113 Baehrensius

181 2138 286 2219 putat,
307 2133 527 2201 derivatorum
545 2133 772 2214 integerrimos
788 2133 898 2215 elegit,
920 2132 1111 2198 confirmari.
1151 2132 1243 2209 Quod
1262 2136 1301 2200 ut

179 2223 345 2306 appareat,
384 2219 559 2285 levissimis
590 2221 717 2284 tantum
748 2218 975 2302 disorepantiis
1010 2219 1140 2286 omissis
1178 2238 1300 2303 pauoos

183 2327 238 2373 eos
261 2307 350 2372 looos
373 2306 492 2388 quibus
514 2305 585 2389 ipse
608 2303 824 2370 Baehrensius
845 2303 961 2369 horum
984 2304 1131 2372 eodioum
1159 2306 1299 2372 auotori-

182 2397 282 2458 tatem
312 2392 648 2458 Lachmannianorum
680 2390 838 2456 librorum
871 2392 1040 2457 consensui
1069 2392 1226 2476 praetulit
1251 2392 1299 2458 ita

182 2498 342 2565 apponam
368 2480 407 2543 ut
432 2478 525 2543 unois
551 2476 716 2542 includam
743 2497 796 2541 eos
823 2476 911 2542 looos
938 2477 1058 2560 quibus
1087 2499 1199 2544 verum
1223 2482 1298 2545 ante

161 2565 241 2631 ·hos
264 2565 392 2633 eodioes
418 2564 564 2630 inventos
591 2583 611 2629 a
637 2561 843 2629 Laehmanno
870 2567 928 2629 aut
954 2567 1028 2631 ante
1053 2585 1127 2630 eum
1148 2583 1299 2649 perspec-

181 2656 254 2719 tum
276 2656 353 2718 erat.

389 2736 422 2803 Α
442 2736 469 2802 Β
493 2734 517 2802 0
910 2733 1016 2801 Ambr
1038 2733 1077 2800 V.

181 2846 220 2930 (l,
245 2847 275 2931 2,
299 2845 356 2930 25)
378 2867 490 2948 yersus
510 2844 722 2930 interpolatos
765 2864 828 2911 non
850 2847 1010 2929 praebent
1030 2845 1105 2913 illos
1127 2865 1241 2914 versus

181 3015 235 3100 (ll,
262 3021 289 3099 1,
314 2935 566 3102 33)Hdl1l1rltllllae
767 3018 939 3104 aquitanae

181 3103 235 3186 (H,
259 3105 288 3185 3,
316 3103 369 3186 14)

181 3189 235 3270 (IL
259 3190 289 3271 3,
313 3188 370 3272 75)
636 3151 675 3214 llll
695 3146 720 3228 I,
744 3148 775 3230 2,
798 3147 839 3210 25

180 3275 233 3354 ΙΙΙ,
257 3278 287 3358 4,
310 3277 351 3338 45
375 3274 519 3345 Semeles
767 3271 895 3340 Semele

181 3360 250 3442 (ΙΙΙ,
273 3363 304 3442 4,
328 3359 384 3443 65)
635 3359 719 3442 utI,
743 3361 772 3442 2,
797 3361 848 3425 25.

180 3470 283 3536 Paulo
306 3472 410 3537 maior
426 3492 502 3540 saue
525 3475 575 3538 est
588 3491 743 3538 numerus
759 3491 869 3537 eorum
891 3470 1035 3536 looorum
1060 3471 1179 3556 quibus
1194 3471 1298 3538 Baeh-

180 3558 308 3624 rensius
331 3558 426 3624 aliter
448 3579 547 3643 quam
569 3557 795 3624 Lachmannus
819 3557 987 3640 iudicavit,
1014 3558 1102 3641 quod
1123 3558 1297 3625 lectionem

179 3643 220 3710 ab
246 3664 313 3749 uno
336 3648 465 3712 tantum
492 3643 692 3712 Laehmanni
719 3641 828 3710 codiee
853 3648 964 3710 eontra
991 3646 1116 3711 eeteros
1143 3644 1297 3711 traditam

179 3897 346 3953 Lachmanns
364 3900 386 3954 B
405 3897 561 3969 geflossen“.
596 3899 689 3968 Longe
711 3899 843 3953 divorsum
865 3898 992 3952 iudicium
1028 3897 1110 3951 refert
1126 3898 1156 3951 in
1173 3897 1297 3952 editionis

178 3968 343 4036 praefatione
362 3966 434 4037 (pag.
451 3967 513 4035 IX),
536 3984 587 4036 quo
607 3984 638 4021 eo
658 3968 728 4037 quod
746 3971 894 4022 eooessorat
910 3967 994 4020 eodex
1036 3967 1163 4033 suranus,
1182 3968 1216 4022 ab
1235 3967 1296 4020 Am·

179 4039 304 4092 bresiano
322 4053 467 4108 numquam
483 4037 538 4089 fere
558 4039 662 4105 gravius
682 4039 849 4102 dissentiens,
869 4036 929 4090 duoi
946 4051 1000 4088 non
1019 4035 1138 4089 debebat.
