2988 4564
639 260 852 324 ..75-

185 455 295 518 tamen
317 449 382 519 tria
408 451 525 519 saltem
551 452 701 536 exempla
726 449 847 533 inveni,
881 471 1019 536 quorum
1045 471 1147 519 unum
1174 452 1305 537 quidem

185 538 289 604 instar
310 539 489 604 multorum
511 558 583 605 esse
606 539 688 606 mihi
711 558 905 623 persuasum
929 542 988 604 est.

272 625 295 706 l,
323 625 353 703 8,
381 626 400 688 9
427 624 576 692 Tibullus
601 624 786 693 Marathum
812 624 950 692 Pholoes
981 644 1088 692 amore
1115 624 1303 708 flagrantem

185 712 237 778 his
260 712 368 779 verbis
391 711 582 796 alloquitur:

338 796 425 875 Quid
446 797 508 863 tibi
530 819 616 865 nuno
638 797 753 865 molles
775 798 909 883 prodest
930 797 1069 864 coluisse
1092 796 1227 882 capillos

388 903 549 970 saepeque
571 889 713 951 mutatas
736 884 940 971 disposuisse
963 903 1082 964 comas,

338 969 418 1055 quid
440 991 516 1037 suco
540 971 728 1055 splendente
752 992 848 1054 genas
871 991 996 1051 ornare,
1019 970 1098 1054 quid
1119 989 1244 1052 ungues

388 1057 521 1123 artificis
545 1057 640 1124 docta
662 1058 867 1125 subsecuisse
889 1056 1009 1123 manu?

336 1139 474 1209 Frustra
494 1144 560 1209 iam
582 1148 699 1224 vestes,
721 1146 849 1245 frustra·
864 1147 1032 1210 mutantur
1054 1142 1193 1209 amictus

186 1312 221 1408 ln
245 1250 530 1382 1111111(1111111111θ
550 1229 1135 1401 11111116111111110111111111111111191111111
1159 1314 1301 1382 difficilis

185 1423 287 1487 puero
307 1403 361 1483 sit,
383 1404 478 1487 eique
494 1405 569 1469 ante
592 1404 702 1470 oculos
724 1404 817 1489 ponit
838 1403 917 1488 quid
939 1424 1010 1468 cum
1032 1404 1169 1477 maneat,
1193 1403 1223 1466 si
1244 1401 1301 1468 llo-

186 1493 275 1555 rente
297 1492 403 1556 aetate
425 1489 580 1555 iuvenum
602 1510 726 1557 amores
750 1493 890 1576 spernat.
928 1488 1006 1556 Sero
1029 1488 1174 1555 revocari
1189 1489 1302 1553 iuven-

185 1580 263 1656 tam,
298 1595 372 1642 cum
404 1596 484 1642 cana
517 1580 666 1643 senectus
699 1581 799 1662 caput
830 1576 991 1644 infecerit.
1047 1574 1159 1656 Pergit
1192 1581 1301 1639 autem

187 1660 303 1729 deinde
325 1663 373 1728 ita
396 1659 569 1743 (43-46):

338 1747 421 1815 Tum
432 1748 578 1814 studium
588 1750 711 1814 formae
724 1751 784 1829 est,
797 1768 890 1814 coma
899 1751 971 1813 tum
982 1751 1137 1827 mutatur,
1152 1748 1191 1811 11
1201 1764 1301 1811 11111

390 1833 575 1901 dissimulet
596 1834 694 1900 viridi
718 1835 837 1902 cortice
860 1833 963 1899 tincta
984 1833 1092 1898 nucis:

336 1918 449 1985 tollere
471 1924 543 1986 1111
565 1941 643 1986 cura
665 1926 714 1987 est
736 1922 826 1987 albos
849 1941 869 1986 a
890 1920 990 2005 stirpe
1014 1919 1149 2010 capillos

390 2007 562 2072 etfaciam
585 2006 715 2092 dempta
738 2008 823 2091 pelle
844 2008 964 2073 referre
985 2026 1112 2071 novam.

186 2087 231 2154 Hi
252 2109 367 2156 versus
390 2091 439 2156 sic
461 2093 582 2176 optime
606 2094 766 2177 quadrant
787 2094 820 2159 in
848 2093 1084 2158 sententiarum
1111 2111 1300 2171 connexum,

185 2196 291 2259 neque
315 2175 382 2242 ullo
405 2177 501 2245 modo
523 2179 600 2244 ferri
626 2184 734 2264 potest
757 2178 786 2247 G
813 2179 934 2246 codicis
961 2179 1132 2262 scriptura,
1159 2179 1217 2262 qui
1242 2197 1300 2261 pro

185 2280 380 2347 unoquoque
407 2265 510 2329 trium
535 2264 666 2330 illorum
695 2263 802 2347 „tum“
827 2261 948 2349 „nunc“
971 2263 1108 2348 reponit.
1152 2265 1301 2349 Apparet

185 2351 294 2413 autem
316 2349 433 2415 miram
458 2350 541 2416 hanc
564 2350 813 2436 discrepantiam
834 2373 898 2419 111
921 2372 1000 2418 casu
1018 2354 1122 2416 ortam
1138 2349 1196 2416 sed
1211 2355 1299 2417 certo

185 2434 295 2518 aliquo
318 2436 452 2501 consilio
474 2437 509 2501 in
531 2440 660 2502 textum
679 2438 803 2504 illatam
830 2459 913 2505 esse.
959 2435 1053 2514 Quod
1078 2437 1173 2521 quale
1199 2436 1301 2502 fuerit

183 2520 278 2588 facilc
298 2522 497 2606 perspicitur
522 2524 552 2588 si
580 2528 732 2608 excerpta
754 2523 900 2590 Parisina
924 2523 1130 2609 respicimus,
1158 2522 1215 2607 qui
1240 2523 1300 2588 hos

184 2606 270 2673 locos
293 2609 328 2673 in
349 2630 449 2674 unam
471 2609 667 2675 sententiam
689 2609 875 2677 coniunctos
898 2612 946 2676 sic
961 2607 1108 2691 (omissis
1123 2607 1299 2675 levioribus

185 2691 427 2779 discrepantiis)
450 2695 619 2761 exhibent:

270 2781 324 2848 Ad
345 2802 443 2847 anum
464 2781 666 2847 luxuriosam
687 2786 721 2847 11
742 2785 949 2866 quaerentem
969 2781 1105 2865 placere.

336 2866 422 2944 Quid
443 2868 506 2935 tibi
527 2888 624 2933 nunc
645 2867 779 2951 prodest
799 2867 915 2934 molles
938 2868 1078 2935 coluisse
1102 2866 1238 2952 capillos
1283 2882 1299 2935 9

386 2974 482 3039 saepe
505 2959 538 3020 et
559 2958 701 3019 mutatas
721 2953 921 3039 disposuisse
945 2973 1064 3032 comas,

335 3039 414 3122 quid
432 3060 510 3106 suco
534 3060 549 3106 s
573 3040 723 3106 lendente
746 3060 845 3123 genas
867 3059 990 3119 ornare,
1014 3040 1094 3123 quid
1116 3059 1242 3123 ungues

384 3127 519 3192 artificis
542 3060 637 3193 docta
659 3125 865 3192 subsecuisse
888 3123 1006 3192 manu?
1106 3170 1110 3174 -

333 3207 471 3278 Frustra
492 3215 567 3278 iam
589 3216 706 3293 vestes,
728 3214 850 3279 frustra
871 3213 1039 3311 mutantur
1060 3211 1199 3278 amictus

332 3296 1237 3534 1111111111ἓὲ1111111111,
1264 3316 1300 3455 t

991 3489 1014 3534 u
1050 3490 1150 3537 annos

384 3551 569 3620 dissimulet
590 3555 688 3622 viridi
710 3558 829 3623 cortice
851 3557 954 3622 tincta
974 3555 1082 3621 nucis:

333 3637 448 3705 tollere
469 3659 569 3706 nunc
592 3662 671 3708 cura
694 3645 744 3708 est
765 3642 856 3708 albos
878 3663 898 3707 a
920 3642 1022 3725 stirpe
1045 3642 1177 3726 capillos

384 3729 416 3790 et
437 3726 553 3791 faciem
576 3726 709 3813 dempta
728 3729 812 3814 pelle
835 3730 953 3794 referre
975 3747 1102 3793 novam.

180 3806 247 3873 Iam
269 3807 371 3890 igitur
393 3810 472 3894 quid
494 3811 543 3876 rei
565 3814 609 3878 sit
631 3820 773 3898 apparet.
806 3814 989 3899 Excerptor
1007 3813 1058 3881 his
1075 3813 1201 3880 duobus
1216 3814 1298 3881 locis

179 3894 266 3958 inter
293 3915 327 3960 se
357 3898 537 3963 coniunctis
564 3918 623 3963 suo
649 3921 738 3965 more
767 3901 802 3967 id
829 3901 897 3983 egit
927 3904 966 3965 11
999 3903 1121 3965 certam
1154 3900 1298 3984 aliquam

180 3980 413 4066 condicionem,
446 4004 544 4068 quam
572 3987 735 4069 expressis
762 3987 869 4054 verbis
888 3986 1054 4068 indicavit,
1088 3986 1295 4053 describeret.
