2988 4564
590 306 633 320 ..e
679 273 825 338 100..

141 460 199 528 illa
214 456 322 528 doce“.
359 460 505 526 Primum
521 459 550 527 si
563 461 739 545 probamus
754 459 888 527 docetur
902 459 1105 541 Messalinus,
1128 462 1263 530 tertium

142 550 200 613 aut
218 550 371 632 quartum
394 547 422 612 si
443 547 630 631 recipimus
659 544 794 631 Sibylla,
822 547 999 613 secundum
1020 547 1104 615 illud
1125 552 1263 634 utroque

141 632 236 699 modo
260 634 363 717 accipi
384 635 502 717 potest.
529 631 1008 717 1111111111111111,1111111111ιι
1029 635 1160 719 recepit,
1177 634 1262 719 quod

142 719 289 787 codicum
311 719 502 785 auctoritate
524 719 666 785 maxime
681 720 802 785 firmari
818 720 963 804 putabat,
986 724 1025 785 ut
1038 720 1120 785 mihi
1133 720 1263 787 videtur

141 826 206 872 non
232 809 301 871 tam
328 806 407 889 quia
427 826 542 871 verum
569 805 604 871 id
633 825 703 872 esse
726 806 929 873 existimaret
952 805 1009 871 sed
1029 808 1068 871 ut
1090 828 1149 872 suo
1171 827 1261 873 more

142 895 228 958 certo
255 891 421 975 quidhoc
448 891 519 957 loco
546 890 750 957 scribendum
779 895 866 958 esset
888 891 1062 958 diiudicari
1082 912 1146 958 non
1168 913 1262 977 posse

142 978 348 1060 significaret.
393 975 475 1044 Cum
504 979 613 1043 autern
641 977 727 1043 111111
754 978 861 1043 locum
888 977 927 1043 de
954 977 1134 1044 Messalino*
1154 981 1262 1064 aptius

142 1061 241 1147 quam
263 1065 303 1130 de
321 1061 446 1148 Sibylla
467 1064 571 1146 accipi
593 1084 633 1129 ex
653 1063 863 1130 antecedente
877 1084 974 1129 versu
990 1068 1153 1148 appareat,
1176 1069 1262 1133 recte

141 1150 223 1215 mihi
243 1149 372 1215 videtur
393 1149 557 1234 Hauptius
583 1150 681 1233 „quid
703 1146 815 1215 canat“
840 1150 1010 1234 recepisse.
1044 1149 1261 1219 Baehrensius

142 1238 261 1316 autem,
285 1256 359 1301 cum
381 1236 467 1301 inter
490 1235 594 1300 multa
616 1235 645 1299 ei
669 1236 758 1318 optio
773 1236 849 1301 data
864 1239 951 1302 esset
965 1256 1047 1321 quae
1065 1237 1131 1302 dici
1146 1237 1262 1303 saltem

141 1325 302 1407 poterant,
329 1321 364 1386 id
389 1323 498 1405 ipsum
526 1321 623 1403 elegit
650 1321 737 1405 quod
765 1323 870 1388 solum
895 1323 962 1388 fere
991 1322 1057 1388 dici
1078 1343 1142 1388 non
1165 1344 1261 1408 posse

141 1407 222 1473 mihi
255 1408 393 1473 videtur.
442 1407 600 1491 Reposuit
628 1407 715 1472 enim
743 1407 864 1474 librum
890 1406 920 1474 G
945 1428 984 1474 ex
1011 1412 1103 1493 parte
1132 1413 1262 1476 secutus

143 1492 247 1577 ,quod
277 1491 396 1575 canit“,
425 1492 512 1577 quod
538 1493 619 1558 mihi
646 1495 797 1577 quoniam
821 1492 947 1576 Sibylla
974 1495 1043 1561 sine
1067 1494 1165 1560 dubio
1188 1496 1262 1580 plus
1374 1508 1376 1512 “

141 1600 206 1645 uno
229 1580 384 1645 vaticinio
407 1579 577 1659 cecinerat,
600 1599 659 1663 per
681 1581 838 1646 sermonis
859 1581 946 1663 leges
972 1600 1012 1647 ne
1034 1581 1166 1648 licuisse
1190 1582 1261 1665 qui-

142 1665 218 1732 dem
240 1665 367 1733 Tibullo
391 1665 497 1731 dicere
521 1662 659 1731 uidetur.

227 1751 350 1819 Versus
372 1751 410 1832 H,
434 1750 464 1831 5,
488 1749 527 1813 31
555 1754 589 1816 et
612 1750 652 1814 32

292 1836 430 1918 Fistula,
453 1837 506 1902 oui
528 1857 658 1922 semper
681 1835 839 1902 decrescit
861 1837 1029 1905 arundinis
1053 1837 1146 1907 ordo:
1172 1906 1174 1909 ,

343 1943 419 1990 nam
442 1923 586 1990 calamus
609 1943 683 1988 cera
705 1922 852 2004 iungitur
872 1943 977 2008 usque
1000 1924 1114 1991 minor.

141 2007 257 2072 melius
290 2009 428 2075 fortasse
463 2029 482 2074 a
512 2013 610 2094 poeta
637 2008 750 2077 omissi
776 2013 895 2076 essent.
946 2009 1148 2079 Describitur
1175 2011 1262 2075 enim

141 2093 268 2159 fistulae
296 2095 390 2175 ratio,
418 2114 501 2178 quae
529 2098 607 2161 nota
633 2098 713 2174 erat,
742 2094 840 2178 idque
865 2095 912 2160 ita
936 2097 975 2159 111
989 2099 1197 2244 pentameter
1219 2094 1260 2160 ad

140 2178 321 2245 hexametri
344 2181 538 2247 sententiam
559 2180 642 2245 nihil
664 2182 730 2246 fere
745 2180 819 2246 novi
834 2179 954 2245 afferat.
1012 2179 1053 2245 ed
1067 2178 1128 2246 1111
1144 2181 1261 2247 vitium

142 2284 205 2330 non
227 2265 354 2333 tollitur
377 2267 496 2331 sicum
513 2264 765 2351 Guelferbytano
783 2263 852 2344 „et“
870 2284 928 2347 pro
947 2262 1060 2345 „nam“
1078 2266 1262 2346 scribimus,

143 2349 230 2434 quod
252 2349 469 2416 Baehrensius
490 2352 579 2417 iecit.
616 2352 675 2418 Illo
700 2346 812 2431 ,nam“
838 2350 926 2417 enim
948 2355 1075 2418 constat
1096 2351 1263 2419 Tibullum

143 2436 272 2520 saepius
294 2437 340 2502 ita
361 2437 410 2502 uti
432 2441 470 2503 ut
490 2457 554 2503 non
577 2457 708 2504 causam
736 2434 849 2501 afferat
874 2436 933 2502 sed
962 2438 1049 2521 quod
1077 2442 1151 2505 ante
1179 2439 1263 2504 dixit

143 2522 239 2606 paulo
265 2522 370 2589 fusius
398 2523 547 2606 explicet,
582 2525 673 2589 cuius
699 2541 780 2588 usus
804 2522 1100 2589 luculentissimum
1126 2527 1263 2591 fortasse

144 2607 330 2691 exemplum
352 2612 460 2675 exstat
473 2609 498 2691 l,
513 2611 545 2690 4,
561 2609 616 2690 383
640 2627 702 2693 quo
725 2608 797 2674 loco
813 2629 886 2677 cum
902 2609 998 2675 multi
1014 2609 1129 2697 offensi
1145 2613 1262 2690 essent,

144 2693 363 2761 Baehrensius
385 2698 494 2762 1111111
515 2694 598 2761 nihil
619 2694 768 2761 mutavit.

230 2778 268 2860 Π,
297 2778 327 2861 5,
351 2779 392 2843 82
425 2800 485 2864 per
514 2801 549 2846 se
582 2801 646 2847 non
672 2779 906 2846 contemnenda
933 2799 1003 2844 esse
1030 2778 1110 2845 mihi
1136 2779 1264 2846 videtur

145 2863 394 2948 Guelferbytani
419 2868 582 2952 scriptura
608 2887 628 2932 a
650 2865 844 2932 Baehrensio
870 2867 1010 2948 recepta.
1055 2864 1152 2933 Hune
1178 2866 1263 2933 enim

143 2971 274 3016 uersum
300 2950 355 3017 ille
378 2953 425 3018 sic
447 2953 575 3020 scribit:

299 3036 413 3105 Omine
437 3059 501 3123 quo
523 3039 604 3104 felix
626 3040 660 3102 et
681 3054 772 3100 sacer
794 3052 898 3101 annus
920 3039 983 3117 eat,

144 3141 219 3189 cum
246 3123 343 3189 111111
369 3145 428 3209 pro
454 3122 544 3206 „eat“
569 3121 743 3188 exhibeant
767 3118 880 3203 ,erit“.
925 3122 1046 3189 Tamen
1067 3121 1264 3188 monendum

145 3211 194 3273 est
220 3207 273 3274 hic
299 3229 426 3294 quoque
453 3209 549 3293 paulo
578 3207 693 3273 saltem
715 3209 820 3289 magis
841 3209 987 3273 futurum
1010 3207 1148 3292 placere,
1176 3207 1263 3292 quod

144 3295 210 3359 iam
232 3293 438 3362 Broukhusio
466 3296 574 3360 visum
596 3297 655 3373 est,
687 3292 776 3375 ,eat“
801 3297 920 3373 autem,
946 3294 1011 3360 nisi
1032 3313 1121 3359 mero
1145 3314 1263 3375 errore,

145 3379 232 3463 quod
254 3382 325 3446 fieri
346 3380 499 3446 facillime
522 3383 659 3462 poterat,
683 3384 790 3444 ortum
815 3381 876 3459 est,
899 3383 1066 3464 sumptum
1081 3400 1151 3446 esse
1167 3399 1264 3463 posse

146 3486 163 3531 e
186 3466 285 3531 simili
301 3466 410 3539 Ovidii
432 3465 512 3546 loco,
536 3465 593 3549 qui
615 3466 719 3533 estin
741 3466 899 3533 fastorum
921 3465 1004 3533 libro
1027 3466 1142 3551 primo,
1166 3467 1263 3546 126,

146 3553 238 3619 cuius
260 3553 310 3618 rei
333 3551 396 3615 duo
419 3551 569 3635 exempla
590 3552 656 3618 iam
677 3551 828 3617 vidimus.

233 3637 351 3704 Contra
377 3636 415 3716 ll,
444 3639 474 3719 b,
501 3639 554 3718 99,
581 3638 728 3722 quamvis
756 3637 837 3703 levis
854 3636 908 3709 ,sit
936 3636 1154 3722 discrepantia
1181 3656 1264 3720 quae

146 3725 231 3790 inter
254 3720 283 3788 G
306 3727 491 3807 ceterosque
513 3724 615 3791 libros
637 3723 821 3804 intercedit,
843 3727 952 3789 tamen
968 3743 1031 3806 quo
1046 3722 1264 3791 Baehrensius

145 3809 248 3875 nimia
271 3808 360 3875 illius
387 3810 507 3877 codicis
533 3810 757 3877 aestimatione
784 3809 936 3894 abreptus
962 3810 1007 3875 sit
1040 3810 1161 3892 optime
1187 3809 1265 3874 licet

145 3895 336 4045 perspicedre.
360 3894 460 4046 Psseta
483 3897 570 3962 enim
591 3897 788 3964 rusticorum
810 3896 895 3961 diem
910 3896 1030 3959 festum
1044 3894 1120 3960 inde
1135 3915 1265 3963 eversu

147 3980 258 4045 91111
302 3981 384 4047 escri
407 3982 448 4047 it:
