2988 4564
673 250 886 315 -63-

223 436 349 504 tionem
383 438 433 503 ita
462 455 591 523 qnoque
625 439 788 523 explicare
821 437 897 504 lieet
928 443 967 504 ut
998 440 1033 505 in
1051 439 1231 523 ‘archetypo
1254 439 1341 505 idem
1403 482 1406 489 =

225 524 385 608 seriptum
407 525 510 590 inisse
533 524 619 608 quod
641 524 672 590 A
692 525 834 605 exhibet,
856 524 1016 592 secundae
1039 530 1150 592 autem
1168 530 1207 592 et
1226 527 1342 592 tertiae

224 608 344 675 elassis
367 609 525 691 librarios,
547 615 586 676 ut
606 610 779 678 verborum
802 612 1027 696 repetitionem
1050 614 1211 693 tollerent,
1236 612 1342 677 looum

220 697 411 762 immutasse
433 715 601 781 ponamus.

311 782 335 863 l,
361 783 392 864 3,
417 784 456 844 13
478 781 583 848 Ambr
606 787 639 849 et
663 783 691 849 B
713 787 802 850 reete
824 781 992 848 exhibent:
1037 783 1180 864 „Tamen
1202 788 1253 849 est
1285 783 1342 850 de-

223 869 341 934 territa
365 866 575 951 numquam“,
598 868 629 935 A
651 869 728 935 etV
752 867 966 953 „nusquam“,
987 869 1020 935 in
1044 867 1068 934 C
1090 869 1191 935 fuisse
1214 869 1343 936 videtur

220 952 451 1038 „quiequam“.
498 953 597 1021 Ortae
630 955 711 1021 milri
746 957 896 1022 videntur
928 954 1003 1021 illae
1036 954 1151 1021 turbae
1178 957 1226 1021 ita
1247 961 1285 1020 ut
1306 957 1341 1021 in

220 1040 395 1124 archetypo
424 1038 609 1124 „nuquam“
638 1043 759 1108 omissa
790 1041 909 1108 lineola
939 1040 996 1107 illa
1029 1060 1111 1126 quae
1147 1042 1274 1108 literam
1307 1063 1342 1108 m

221 1126 379 1207 signifieat
401 1128 558 1212 seriptum
581 1132 677 1193 esset.
931 1170 948 1203 n

309 1212 333 1294 Ι,
353 1215 383 1295 7,
400 1214 419 1275 6
434 1212 466 1278 ll
499 1212 630 1279 videtur
649 1214 836 1280 exhibuisse
861 1211 1034 1296 ,eviot0s“,
1068 1233 1109 1279 ex
1124 1232 1187 1296 quo
1211 1213 1340 1293 „evine-

220 1294 291 1363 tos“
324 1296 349 1363 G
377 1298 518 1382 scripsit,
546 1319 619 1365 oum
646 1300 678 1366 A
704 1301 831 1367 literam
859 1319 957 1384 supra
983 1300 1136 1384 seriptum
1164 1300 1339 1365 omitteret.

528 1393 544 1424 n

220 1429 250 1498 Y
271 1433 403 1517 scripsit
439 1435 626 1519 „invietos“,
652 1436 804 1520 idemque
826 1435 851 1502 Z
872 1439 906 1502 et
926 1435 964 1519 B,
987 1435 1092 1502 Ambr
1114 1438 1222 1502 autem
1255 1441 1289 1502 et
1307 1435 1338 1501 V

221 1518 286 1603 ipsi
308 1538 435 1603 quoque
458 1523 585 1589 literam
607 1544 629 1588 n
651 1522 872 1605 neglexerunt.

309 1605 333 1686 l,
360 1606 390 1686 8,
414 1608 433 1670 2
458 1607 593 1691 ,levia“,
627 1609 715 1693 quod
746 1627 851 1693 neque
883 1629 942 1694 per
973 1612 1115 1674 metrum
1147 1626 1250 1690 neque
1281 1628 1340 1692 per

223 1692 419 1758 sententiam
442 1694 521 1760 ferri
543 1699 663 1781 potest,
686 1696 843 1779 seriptum
867 1699 937 1762 erat
958 1714 1020 1760 non
1044 1693 1140 1759 modo
1162 1694 1196 1758 in
1218 1692 1338 1760 AetO

222 1776 403 1843 sedetiam
423 1780 457 1846 in
485 1777 565 1846 Yet
578 1781 613 1861 Z,
635 1780 722 1847 unde
745 1783 779 1847 in
800 1780 906 1847 Ambr
926 1800 1054 1865 quoque
1077 1780 1176 1846 venit.
1221 1777 1339 1845 Contra

221 1863 255 1928 in
279 1861 305 1928 B
328 1868 361 1929 et
384 1863 413 1929 V
438 1864 560 1947 ,lenia“
585 1865 790 1933 scribendum
813 1887 884 1934 esse
905 1866 1107 1934 intelleotnm
1134 1870 1193 1931 est.

307 1948 332 2031 l,
356 1950 387 2031 8,
416 1951 455 2014 bl
485 1950 528 2018 ad
552 1973 662 2019 veram
696 1955 832 2019 formam
858 1955 949 2020 verbi
975 1952 1062 2038 quod
1092 1957 1141 2018 est
1174 1949 1335 2034 „sontioa“

222 2036 368 2187 proximis
379 2037 511 2187 taaraoedit
526 2037 560 2138 (J,
573 2039 689 2191 ff?
705 2044 754 2141 est
778 2037 951 2192 ,selgitilplaffi
973 2058 1077 2139 neque
1094 2039 1188 2139 aliter
1209 2038 1339 2190 videgur

220 2142 254 2187 rn
282 2142 377 2188 aree
439 2143 457 2188 o
485 2143 549 2190 son
681 2147 715 2191 ur
772 2176 778 2190 .
977 2145 1087 2191 ravrus
1114 2146 1148 2189 rn
1176 2144 1337 2190 secunao

221 2208 335 2276 elassis
360 2142 453 2275 ligrlis
479 2144 651 2361 peoopatum
678 2146 820 2296 estisequi
849 2146 1006 2295 fsedndd
1037 2198 1192 2277 scribunt.
1247 2210 1283 2276 ln
1305 2210 1337 2277 A

221 2299 330 2361 autem
352 2293 476 2380 interpo
491 2297 598 2362 atione
625 2297 786 2380 ,rustiea“
810 2299 953 2383 positum
976 2301 1034 2365 est.

307 2380 332 2463 Ι,
356 2381 385 2461 9,
409 2384 451 2444 40
473 2382 506 2448 A
528 2385 561 2448 et
583 2381 607 2448 G
630 2382 797 2450 exhibent:

374 2464 438 2533 Sed
460 2487 574 2553 preoor
596 2470 743 2553 exemplo
766 2469 809 2536 sit
828 2470 911 2535 levis
933 2468 991 2535 illa
1012 2474 1079 2535 tuo.

221 2549 342 2617 Contra
362 2552 397 2619 in
416 2554 559 2620 seeunda
578 2554 682 2621 classe
704 2555 844 2621 traditur
868 2556 931 2639 „sit
967 2575 1059 2621 reeor
1075 2553 1254 2639 exemplo“,
1276 2576 1335 2640 pro

220 2638 366 2722 sequenti
392 2643 501 2706 autem
529 2638 611 2723 „sit“
641 2642 675 2707 in
697 2640 803 2707 Ambr
828 2662 859 2723 s;
885 2575 968 2707 111ss
999 2639 1084 2724 „sio“
1109 2642 1143 2706 in
1174 2640 1199 2707 V
1225 2641 1333 2724 „sed“,

220 2742 359 2808 quorum
381 2726 535 2792 ultimum
557 2746 622 2793 non
643 2726 751 2794 minus
767 2731 879 2812 aptum
894 2729 990 2794 esset.
1035 2727 1180 2794 Tertium
1197 2727 1335 2812 denique

219 2808 437 2878 Baehrensius
460 2813 599 2879 invenit:

372 2895 423 2964 Sit
466 2918 558 2965 reoor
579 2898 740 2986 exemplo,
763 2897 807 2964 sit
827 2896 910 2963 levis
932 2897 989 2963 illa
1010 2903 1076 2980 tuo,

218 3002 259 3056 ne
286 2981 347 3049 hoo
382 2916 514 3068 quidem
547 2984 632 3051 male
641 2982 676 3066 ¹).
722 2983 804 3051 Tota
835 2984 937 3066 igitur
966 2984 1113 3068 quaestio
1146 2984 1267 3070 pendet
1293 3006 1334 3052 ex

219 3069 422 3152 auctoritate,
458 3089 565 3154 neque
601 3071 683 3138 mihi
714 3070 852 3136 dubium
883 3089 954 3135 esse
985 3072 1095 3154 potest
1132 3071 1211 3154 quin
1237 3091 1332 3156 prae-

219 3154 350 3222 ferenda
373 3156 418 3222 sit
439 3155 587 3223 codicum
602 3156 634 3223 A
649 3160 682 3223 et
696 3155 721 3223 O
737 3157 908 3242 scriptura.
946 3154 1040 3232 Quod
1062 3159 1171 3221 autem
1193 3158 1333 3224 seeunda

219 3240 334 3307 elassis
357 3241 499 3323 exhibet,
522 3241 584 3309 hoo
606 3243 687 3309 mihi
705 3243 836 3309 videtur
857 3241 905 3307 ita
926 3245 1032 3307 ortum
1056 3261 1125 3308 esse
1141 3246 1179 3307 ut
1192 3245 1334 3328 primum

218 3345 277 3409 pro
299 3325 380 3408 ,sit“
406 3327 475 3394 sola
489 3328 586 3395 litera
600 3349 615 3394 s
631 3333 814 3414 poneretur,
834 3347 916 3411 qaae
938 3347 1011 3393 eum
1034 3330 1147 3412 postea
1167 3349 1230 3393 non
1245 3335 1333 3396 reete

218 3411 383 3478 intellecta
397 3417 493 3495 esset,
516 3414 613 3481 etiam
634 3415 717 3482 illud
739 3413 834 3496 „sed“
858 3413 951 3480 initio
966 3433 1081 3479 versus
1095 3417 1257 3480 mutatum
1272 3420 1332 3482 est.

218 3495 344 3563 Deinde
365 3496 395 3562 V
417 3503 450 3650 rtet
470 3497 497 3566 B
519 3519 577 3584 pro
597 3501 692 3569 litera
713 3522 729 3568 s
751 3500 786 3568 id
808 3500 896 3588 quod
918 3520 956 3566 ea
978 3499 1154 3583 significari
1175 3501 1334 3584 putabant

219 3603 443 3669 reposuerun.

306 3769 327 3837 ¹)
344 3769 431 3824 Aliam
444 3770 561 3826 eiusdem
572 3771 726 3826 Baehrensii
739 3775 916 3828 coniecturam
932 3774 964 3827 ab
978 3787 1008 3825 eo
1024 3770 1053 3824 in
1064 3770 1130 3824 libro
1149 3771 1328 3839 „Tibullisohe

218 3837 337 3893 Blstter“
354 3855 414 3909 pag.
426 3838 460 3894 85
476 3841 604 3910 prolatam
621 3842 722 3909 omitto,
740 3859 799 3895 eum
817 3844 918 3911 etipse
937 3857 993 3894 eam
1010 3841 1154 3893 deseruerit
1170 3856 1256 3910 neque
1274 3844 1331 3896 bre-

217 3909 283 3961 viter
294 3909 327 3961 do
339 3924 425 4032 saffo
436 3911 531 3979 possit,
549 3910 672 3978 quoniam
690 3927 749 3964 eum
762 3912 893 3965 sententia
915 3911 1036 3965 cohaeret
1054 3925 1132 3978 quam
1154 3909 1200 3963 ille
1225 3911 1258 3964 de
1274 3927 1331 3965 ver·

218 3977 291 4030 sibus
305 3976 364 4031 39-
424 3980 453 4034 in
470 3979 628 4034 antecedens
645 3995 749 4034 carmen
766 3981 970 4050 transponendis
987 3979 1024 4033 ibi
1042 3978 1149 4049 profert.
