2988 4564
653 220 868 283 ...47-

402 405 493 492 pieta
514 404 608 473 dccet
628 406 761 491 templis
783 405 888 473 multa
908 403 1029 471 tabella
1048 402 1144 488 tuis),

231 559 234 565 ,
353 495 387 558 et
406 512 481 559 mea
501 492 628 561 votivas
649 492 838 576 persolvens
859 489 957 557 Delia
978 510 1099 576 poenas

401 581 475 647 ante
497 598 607 649 sacras
626 578 694 649 Iino
715 582 805 647 tecta
824 578 910 644 fores
934 577 1094 643 sedeate.
1118 597 1147 662 q.
1171 597 1196 643 s.

216 679 220 685 ·
285 662 377 730 Haec
396 665 495 730 verba
516 663 566 731 sic
586 682 719 748 prorsus
751 667 865 749 aptum
892 678 1022 730 sensum
1053 665 1210 748 praebere
1236 663 1318 729 mihi

200 749 365 823 videntur:
402 748 579 831 „Succurrc
602 749 694 829 mihi,
717 753 752 816 et
772 750 832 817 hoc
851 748 883 819 si
902 749 1118 834 praestiteris,
1140 749 1237 817 Delia
1255 749 1318 816 tibi

114 836 117 844 '
199 835 321 918 gratias
342 834 447 918 eget.“
503 836 625 903 Tamen
647 835 787 903 editores
819 856 837 902 e
865 835 976 901 codice
996 833 1023 900 Β
1046 840 1240 921 receperunt
1262 839 1319 917 „ut

130 962 132 966 ι
200 919 291 987 mea“
316 925 386 1002 etc,
421 921 507 1005 quod
540 921 621 987 mihi
654 922 873 1004 excogitatum
906 938 977 996 esse
1011 921 1142 992 ridetur
1173 926 1211 988 ut
1239 921 1318 989 haec

200 1006 347 1074 disticha.
371 1007 469 1092 paulo
489 1008 629 1088 facilius,
650 1028 714 1074 non
733 1007 863 1088 melius,
885 1007 970 1073 inter
992 1027 1027 1074 ee
1049 1008 1248 1093 cohaereant.

285 1094 310 1175 1,
338 1094 369 1175 5,
396 1095 435 1161 ot
468 1092 552 1160 nihil
580 1094 586 1107 '
611 1098 714 1165 tereet
728 1128 731 1133 ·
745 1098 857 1161 utrum
889 1114 964 1160 cum
985 1093 1017 1159 A
1039 1098 1074 1159 et
1101 1091 1317 1175 G·„evcniet“

199 1200 243 1247 an
261 1180 374 1247 cumB
399 1178 589 1263 „evenient“
613 1180 812 1261 scribamus;
833 1179 1080 1264 praeferendum
1094 1178 1196 1263 igitur
1210 1185 1262 1247 est
1283 1180 1319 1247 id

200 1266 287 1350 quod
308 1266 466 1332 maiorem
500 1266 738 1332 auctoritatem.
750 1265 857 1332 habet.
902 1264 974 1333 Hoc
995 1267 1065 1332 loco
1087 1269 1204 1332 utnon
1218 1267 1319 1334 nullis

199 1352 274 1423 aliie
297 1353 357 1437 qui
376 1352 430 1423 hic
452 1352 534 1421 mihi
567 1352 729 1421 tractandi
744 1356 819 1421 eunt
838 1352 1003 1419 consentio
1019 1371 1093 1417 cum
1110 1351 1318 1434 Baehrensio,

199 1458 397 1524 quamquam
418 1438 476 1504 isse
509 1458 572 1504 oon
596 1459 725 1525 semper
747 1438 866 1505 iisdem
889 1438 1089 1520 argumentis
1117 1438 1236 1506 ductus
1258 1443 1317 1506 cst.

284 1526 309 1607 Ι,
332 1525 364 1607 8,
388 1524 430 1589 30
452 1524 685 1609 quodcodices
710 1524 742 1591 A
764 1529 797 1591 et
818 1524 847 1591 B
868 1524 1029 1592 scribunt:

613 1610 679 1677 Det
700 1630 835 1679 munera
855 1631 956 1679 canus
978 1615 1104 1681 amator

350 1699 391 1765 ut
409 1697 518 1765 foveat
537 1696 630 1765 molli
652 1696 772 1780 frigida
793 1696 939 1765 membra
961 1698 1036 1764 sinu

200 1799 306 1866 neque
326 1800 384 1866 per
406 1802 441 1849 se
463 1781 672 1853 offensionem
691 1784 875 1867 praebetet
888 1786 999 1868 potest
1013 1783 1134 1867 optime
1161 1782 1320 1851 illustrari

199 1886 298 1934 versu
328 1866 509 1939 Catulliana
541 1867 691 1951 LXVIII,
720 1869 771 1933 29.
839 1868 960 1936 Tamen
992 1868 1139 1954 plerique
1179 1869 1319 1938 editores

199 1955 388 2023 maluerunt
409 1954 555 2021 codicem
577 1954 609 2021 A
632 1953 735 2039 sequi,
758 1953 816 2038 qui
840 1953 986 2037 „foveas“
1011 1955 1154 2022 exhibet.

284 2039 309 2122 1,
332 2040 405 2121 &35
427 2041 524 2124 vulgo
548 2061 566 2106 e
588 2039 702 2109 codice
723 2039 748 2107 O
770 2040 940 2107 scribitur:

353 2125 401 2194 At
423 2127 535 2195 Venus
556 2127 702 2195 inveniet
723 2146 825 2211 puero
848 2127 1059 2195 succumbere
1081 2126 1206 2194 furtim.

284 2211 383 2279 Recte
417 2217 528 2280 autem
561 2212 690 2279 videtur
712 2211 929 2280 Baehrensius
962 2233 1004 2279 ex
1025 2214 1106 2281 'suis
1142 2214 1319 2295 codicibus,

200 2297 396 2383 quibuscum
428 2299 627 2369 Lachmanni
656 2298 688 2365 A
710 2303 742 2365 et
764 2298 792 2364 B
818 2298 1035 2380 consentiunt,
1065 2298 1316 2381 „concumbere“

199 2384 375 2469 recepisse,
409 2385 495 2470 qnod
518 2405 555 2451 eo
577 2385 649 2470 ipso
671 2384 758 2469 quod
782 2385 893 2452 minus
924 2385 1084 2451 usitatum
1110 2390 1170 2468 eet,
1205 2406 1318 2472 quam-

201 2490 299 2555 quam
321 2490 385 2537 non
406 2475 497 2539 caret
529 2471 698 2557 exemplis,
721 2471 974 2539 commendatur.

285 2556 310 2637 Ι,
333 2557 363 2637 8,
387 2558 428 2620 66
449 2557 514 2623 iam
547 2557 774 2625 Lachmannus
795 2556 928 2624 videtur
941 2554 1110 2623 dubitasse
1131 2577 1211 2622 num
1231 2562 1320 2625 recte

200 2640 358 2711 ecclc-G
379 2642 581 2728 scripsisset:
640 2694 643 2707 .
779 2665 783 2672 ·

350 2728 445 2799 Illius
468 2729 565 2801 credo
586 2733 665 2797 tunc
687 2728 833 2796 sonuisse
854 2727 989 2813 pedem3

201 2814 233 2880 A
255 2820 291 2882 et
310 2814 337 2881 B
360 2815 446 2881 enim
479 2814 602 2881 habent
625 2814 775 2901 „pedes“‚
799 2814 887 2900 quod
908 2834 970 2880 non
992 2813 1101 2880 minus
1123 2819 1236 2899 aptum
1258 2819 1319 2883 est.

286 2901 312 2981 I,
334 2901 365 2979 8,
382 2899 422 2963 73
444 2898 661 2968 Baehrensius
682 2906 770 2969 recte
794 2900 943 2987 reposuit
967 2898 1055 2984 quod
1071 2904 1122 2966 est
1135 2901 1170 2967 in
1185 2900 1213 2966 B
1228 2905 1261 2968 et
1275 2900 1318 2967 0:

350 2983 455 3069 Saepe
476 2987 577 3053 etiam
597 2987 748 3055 lacrimas
770 2990 871 3055 fertur
892 2986 1007 3054 risisse
1029 2984 1168 3054 dolentis

202 3091 277 3223 cufn
299 3070 399 3222 cssteri
414 3071 556 3138 editores
578 3072 773 3157 „lacrimIs“‚
795 3075 882 3160 quod
902 3077 953 3140 est
975 3072 1013 3137 in·
1032 3071 1143 3139 codice
1166 3073 1207 3156 A,
1225 3093 1319 3157 prae-

201 3161 239 3223 tu
253 3157 346 3223 erin.

288 3242 312 3325 1,
336 3244 366 3323 9,
390 3243 430 3311 31
454 3243 489 3309 in
511 3241 676 3311 codicibus
698 3241 725 3307 B
747 3245 781 3308 et
803 3242 828 3309 O
848 3244 1007 3311 traditum
1030 3247 1095 3310 est:

352 3328 442 3395 Tunc
462 3328 545 3394 mihi
566 3327 698 3397 iurabas
720 3327 810 3394 nullo
831 3329 894 3398 tibi
916 3330 1029 3398 ‹iivitis
1052 3331 1124 3397 auri
1217 3354 1221 3360 ·

406 3415 647 3500 ponderares
669 3414 817 3498 gemmis,
839 3416 980 3485 vendere
1001 3417 1084 3483 velle
1105 3415 1213 3484 fidem.

288 3500 378 3578 Quae
400 3520 476 3566 cum
504 3505 615 3586 aperte
642 3503 793 3585 corrupta
813 3500 888 3582 sint,
910 3502 1037 3586 primus
1067 3501 1184 3585 Aldus,
1218 3508 1319 3587 recte,

201 3589 239 3653 ut
258 3586 340 3653 mihi
361 3586 500 3667 videtur,
534 3606 592 3671 pro
617 3585 716 3670 „tibi“
741 3587 888 3671 reposuit
911 3587 996 3670 „te“,
1030 3589 1117 3673 quod
1146 3594 1198 3656 est
1219 3591 1319 3658 etiam

202 3674 236 3739 in
268 3672 460 3741 Baehrensii
490 3670 754 3757 Guelferbytano,
787 3672 1013 3741 Lachmannus
1040 3679 1150 3743 autem
1180 3698 1222 3743 ex
1250 3678 1320 3744 solo

201 3758 232 3825 A
251 3757 378 3846 recepit
402 3758 544 3840 „nullius
561 3759 672 3825 divitis
689 3755 793 3839 auri“,
816 3757 903 3843 quod
917 3760 980 3824 etsi
994 3781 1059 3826 non
1084 3764 1192 3830 minoe
1207 3768 1320 3851 aptum

91 3877 94 3884 ·
202 3849 383 3912 esttamen
406 3845 597 3911 auctoritate
619 3863 728 3911 carere
750 3843 832 3910 mihi
855 3840 994 3911 videtur.

288 3931 341 4014 III,
366 3934 395 4013 1,
419 3932 457 3995 21
482 3931 609 4001 codices
630 3931 663 4000 A
686 3934 721 4001 et
741 3929 770 3997 B
791 3930 959 4031 exhibent:
