2988 4564
629 316 866 380 -102-

187 496 374 569 levioribus.
413 499 529 568 Utrum
544 502 613 570 veri
629 502 768 572 similius
791 505 834 571 sit
856 465 1030 572 diiudicari
1044 525 1107 571 non
1121 476 1230 589 potest
1243 502 1307 573 nisi

187 587 278 672 prius
309 591 435 654 constat
451 591 566 691 utrum
588 610 608 655 a
630 589 659 657 G
680 591 756 657 libri
779 592 941 692 scriptura
964 612 1105 693 „pumex
1127 588 1179 656 et“
1204 612 1245 656 an
1267 611 1307 658 ex

187 674 740 845 ἓξηὲἓοὲΐὲἕέῗζέθὲἓᾷῃρᾟῗ11111,
765 674 957 762 „pumlcet“,
980 699 1014 743 m
1030 678 1090 744 hoc
1109 676 1178 743 loco
1196 697 1305 744 emen·

211 933 217 946 ·
271 846 325 947 ΙΙΙ2
351 849 378 928 1,
400 848 442 910 20
469 813 656 933 Lygdamus
681 870 745 916 non
773 850 820 916 ita
848 849 927 916 bene
952 853 1018 915 tres
1043 850 1163 916 amoris
1186 840 1305 934 gradus

187 932 395 1085 dlseernltIlla
417 1017 499 1119 mihi
521 1021 649 1100 referet,
673 1019 702 1086 si
724 1022 828 1087 nostri
848 1023 964 1087 mutua
986 1040 1064 1086 cura
1087 1024 1138 1088 est

388 1125 428 1170 an
450 1126 565 1186 mmor,
589 1127 629 1171 an
650 1110 718 1175 toto
741 1112 870 1192 pectore
894 1106 1080 1189 deciderim,

186 1188 271 1272 quod
304 1193 414 1256 tamen
447 1211 576 1257 sensum
607 1193 876 1277 qualemcumque
902 1193 1047 1278 praebet.
1095 1191 1127 1258 N
1129 1215 1169 1258 on
1196 1197 1305 1260 autem

185 1275 269 1341 illud
291 1276 355 1342 dici
377 1280 484 1361 potest
513 1278 552 1343 de
574 1277 651 1344 libri
674 1277 702 1345 G
725 1280 885 1364 scriptura
906 1300 925 1347 a
947 1279 1142 1345 Baehrensio
1165 1283 1305 1365 recepta,

187 1383 247 1443 „an
269 1360 437 1429 maneam“
462 1384 519 1447 pro
543 1384 602 1445 „an
624 1363 761 1448 minor“,
784 1386 866 1451 quae
888 1365 968 1430 mihi
989 1386 1028 1430 ea
1042 1386 1076 1430 11
1091 1364 1222 1431 videtur
1235 1369 1305 1431 orta

185 1468 257 1514 esse
278 1449 366 1532 quod
387 1449 549 1528 librarius
572 1470 647 1516 cum
661 1451 744 1517 illud
760 1450 825 1534 „si“
842 1471 901 1540 pro
915 1452 1130 1519 condicionali
1144 1451 1304 1538 particula

184 1535 356 1619 acciperet,
379 1537 486 1684 lri207um
509 1556 574 1603 non
594 1537 767 1604 intellexit.

269 1620 323 1704 HI,
336 1622 402 1776 Sldd
423 1709 552 1775 tristem
575 1711 689 1776 mortis
712 1707 911 1776 demonstret
931 1710 1029 1776 litera
1051 1730 1183 1775 causam

386 1797 482 1878 atque
504 1794 583 1862 haec
605 1795 640 1861 in
663 1793 782 1862 celebri
804 1796 947 1862 carmina
968 1797 1073 1863 fronte
1095 1797 1203 1861 notet:

336 1879 543 1963 „Lygdamus
557 1881 611 1948 hic
627 1883 710 1948 situs
726 1885 788 1947 est:
813 1879 903 1947 dolor
917 1882 994 1948 huie
1009 1886 1042 1948 et
1057 1903 1135 1949 cura
1148 1881 1302 1963 Neaerae,

386 1967 531 2050 coniugis
556 1970 698 2052 ereptae,
722 1987 820 2033 causa
841 1969 946 2053 perire
968 1966 1061 2034 fuit.“

183 2047 272 2114 Haec
297 2052 418 2135 optime
442 2053 527 2119 inter
542 2074 577 2120 se
600 2053 781 2120 cohaerent.
819 2053 939 2121 Tamen
954 2054 1172 2121 Baehrensius
1186 2053 1302 2117 miram

182 2135 260 2200 libri
282 2135 311 2203 G
338 2139 542 2222 scripturam,
571 2138 719 2222 „casum“
744 2159 801 2223 pro
827 2137 1153 2289 ᾖ111111111“1111Ἰ111,
1179 2157 1244 2220 qua
1265 2157 1300 2202 11

183 2224 310 2287 textum
321 2224 442 2289 mirum
454 2228 610 2308 quantum
624 2226 817 2310 depravasse
829 2228 910 2292 mihi
921 2227 1060 2293 videtur.
1113 2224 1202 2289 ristis
1215 2223 1301 2289 enim

182 2309 296 2373 mortis
319 2329 413 2375 casus
435 2311 518 2376 nihil
538 2311 628 2377 aliud
650 2332 722 2378 esse
745 2316 852 2396 potest
873 2333 969 2398 quam
992 2310 1078 2393 quod
1099 2328 1159 2374 nos
1175 2328 1301 2393 quoque

183 2393 321 2461 dicimus
350 2396 428 2475 „der
452 2397 595 2480 traurige
617 2396 810 2466 Todesfall“.
854 2398 1057 2481 Lygdamum
1083 2398 1191 2460 autem
1220 2395 1299 2461 adeo

181 2479 329 2564 ineptum
351 2483 451 2548 fuisse
473 2487 512 2548 ut
534 2488 643 2567 optare
667 2505 701 2550 se
722 2489 760 2552 ut
781 2484 816 2550 in
837 2483 983 2567 sepulcro
1007 2502 1066 2547 suo
1086 2484 1250 2546 mortuum
1266 2500 1300 2546 se

170 2584 252 2637 csse
275 2566 504 2634 inscriberetur
527 2571 688 2654 expressis
711 2571 817 2638 verbis
839 2568 960 2634 diceret
988 2567 1077 2633 credi
1097 2587 1159 2632 non
1180 2570 1299 2650 potest,

180 2671 286 2736 neque
313 2673 387 2718 cum
413 2655 473 2719 tali
500 2657 662 2723 sententia
689 2656 836 2739 congruit
857 2655 929 2736 ipsa
951 2652 1118 2736 inscriptio
1142 2653 1299 2737 apposita,

181 2757 246 2820 qua
264 2738 368 2822 primo
384 2760 480 2805 versu
494 2741 576 2806 nihil
591 2743 681 2810 aliud
695 2744 760 2809 nisi
777 2735 946 2821 „causam“
965 2739 1064 2805 scribi
1077 2759 1172 2823 posse
1188 2742 1298 2823 aperte

181 2824 429 2890 demonstratur.
475 2825 552 2892 Alia
573 2848 701 2913 quoque
723 2825 940 2909 discrepantia
962 2845 1045 2909 quae
1067 2825 1101 2890 in
1125 2824 1175 2891 his
1198 2824 1299 2892 versi-

180 2909 241 2975 bus
264 2911 405 2976 oocurrit
429 2911 648 2997 disputatione
671 2914 842 2993 dignaest.
879 2910 941 2977 Pro
960 2907 1074 2993 „cura“
1093 2913 1190 2994 enim,
1213 2909 1300 2995 quod

180 3015 294 3060 verum
309 3016 380 3062 esse
396 2997 541 3066 dubitari
555 3022 617 3066 non
633 3001 751 3082 potest,
774 2998 850 3064 boni
865 2998 990 3064 codices
1004 2997 1132 3063 habant
1147 2993 1299 3079 „causa“,

180 3084 218 3146 ut
241 3080 371 3147 videtur
398 3104 485 3150 mero
511 3085 635 3151 librarii
664 3103 782 3165 errore,
811 3104 885 3150 cum
913 3083 963 3150 bis
989 3089 1158 3169 praeterea
1182 3083 1217 3148 in
1247 3082 1298 3149 his

180 3167 328 3233 versibus
356 3167 417 3234 hoc
444 3172 576 3237 verbum
605 3173 761 3251 occurrat,
789 3169 818 3237 G
844 3171 934 3236 solus
963 3167 1089 3251 „cara“,
1115 3168 1299 3252 quodcum

180 3252 221 3318 ad
243 3273 355 3318 verum
375 3258 508 3341 propius
524 3253 665 3336 accedat,
687 3260 794 3340 potest
807 3258 945 3322 fortasse
960 3256 1076 3320 leviter
1091 3255 1177 3320 hunc
1192 3254 1298 3320 locum

180 3340 364 3422 inspicienti
390 3341 443 3408 hic
470 3340 601 3426 quidem
629 3341 734 3407 videri
758 3341 788 3408 G
813 3342 896 3407 libro
919 3342 1023 3406 maior
1044 3338 1123 3407 fides
1146 3359 1216 3406 esse
1239 3340 1298 3404 tri-

180 3425 316 3490 buenda.
361 3425 427 3493 Sed
456 3431 604 3492 accurate
633 3429 818 3493 examinata
844 3427 941 3493 huius
967 3426 1030 3492 loci
1056 3428 1179 3492 ratione
1201 3426 1297 3510 plane

180 3513 375 3578 contrarium
398 3511 515 3577 evadit.
555 3512 888 3579 Animadvertendum
913 3513 998 3578 enim
1021 3514 1124 3579 estin
1148 3513 1297 3577 omnibus

178 3597 269 3663 libris
293 3620 356 3664 nou
374 3595 557 3679 „Neaerae“
575 3598 632 3664 sed
649 3596 813 3679 „Neaera“
832 3600 990 3683 scriptum
1012 3619 1092 3665 1111.
1131 3596 1167 3664 Si
1188 3600 1296 3663 autem

178 3704 213 3749 re
245 3705 322 3750 vera
356 3683 574 3766 discrepantes
607 3684 682 3750 illae
715 3685 812 3750 huius
840 3685 902 3751 loci
929 3685 1107 3769 scripturae
1135 3685 1183 3749 ita
1209 3686 1297 3749 ortae

179 3776 286 3836 essent
318 3774 356 3835 ut
392 3788 490 3849 „cura
516 3768 681 3837 Neaerae“
713 3772 855 3855 primum
882 3770 1117 3855 depravaretur
1140 3771 1174 3834 in
1204 3784 1298 3851 „cara

177 3853 332 3936 Neaera“‚
354 3855 501 3938 intellegi
515 3877 578 3921 nou
593 3861 704 3941 posset
726 3877 790 3941 qua
807 3877 842 3922 11
866 3857 983 3942 aliquis
1005 3857 1124 3922 adduci
1137 3857 1298 3940 potuisset

177 3945 216 4006 ut
242 3962 281 4007 en
301 3960 338 4005 eo
364 3961 481 4021 „causa
501 3939 660 4024 Neaera“,
690 3943 775 4026 quod
796 3944 879 4008 nihil
900 3946 959 4023 est,
983 3944 1132 4008 efficeret.
1178 3939 1297 4007 Contra
1338 3985 1342 3993 -

178 4028 272 4092 aliter
299 4027 327 4092 si
354 4027 546 4111 iudicamus,
576 4029 671 4096 facilc
698 4029 897 4111 intellegitur
923 4029 979 4113 qui
1007 4029 1077 4096 fieri
1098 4029 1239 4113 potuerit
1260 4031 1297 4094 ut
