2988 4564
586 301 840 365 ·-1n-

256 484 311 567 IV,
337 486 451 568 1,110
478 484 703 570 Arupinorum
730 509 848 555 nomen
875 490 908 555 in
935 489 1084 556 omnibus
1112 485 1292 575 praetorF

169 572 340 639 codicibus
364 577 561 658 corruptum,
583 575 617 641 in
639 595 702 640 non
725 576 824 642 nullis
849 596 982 642 amanu
1004 578 1182 643 recentiore
1198 575 1292 641 resti-

174 663 283 725 tutum
303 662 363 724 111.

254 744 309 827 IV,
335 747 362 824 1,
388 743 448 807 142
476 766 555 810 num
582 743 608 810 F
637 750 724 811 recte
752 745 966 813 Arecteorum
993 767 1110 813 nomen
1137 747 1292 832 praebeat

171 852 231 916 per
265 851 299 897 11
333 851 397 896 111
425 835 475 898 111
503 832 589 915 quod
616 832 812 899 dubitemus.
861 832 947 899 Nam
975 833 1010 898 in
1036 833 1097 898 hoc
1126 834 1292 918 scriptore,

170 919 227 1003 qui
254 921 364 1001 aperte
389 922 478 983 amat
506 938 559 985 res
577 919 761 986 »lectoribus
793 939 890 1004 quam
917 920 1051 984 minime
1083 924 1176 986 notas
1206 940 1292 986 com-

170 1024 360 1084 memorare,
383 1004 515 1083 nomina
536 1024 675 1088 quorum
697 1010 828 1089 praeter
849 1006 942 1071 illum
965 1007 1073 1091 ipsum
1094 1006 1203 1072 locum
1226 1027 1291 1072 non

171 1094 301 1156 exstant
322 1090 386 1157 nisi
407 1091 601 1156 tenuissima
625 1092 764 1173 vestigia
787 1091 955 1158 offensioni
979 1112 1050 1158 esse
1065 1112 1129 1158 non
1142 1095 1290 1178 possunt,

170 1196 276 1260 neque
297 1176 402 1258 magis
424 1177 536 1242 mirari
559 1176 715 1255 debemus
743 1177 828 1262 quod
854 1179 919 1244 tale
946 1198 1063 1245 nomen
1084 1179 1118 1244 in
1141 1179 1292 1245 omnibus

170 1263 287 1328 ceteris
304 1261 482 1344 codicibus,
497 1264 552 1346 qui
567 1263 620 1328 hio
637 1264 772 1345 „creteis
788 1261 897 1332 ardet“
916 1263 1079 1345 exhibent,
1104 1269 1291 1350 corruptum

168 1348 321 1414 traditur.
370 1347 452 1414 Cum
480 1353 588 1414 autem
611 1349 738 1417 Aracca
764 1351 817 1417 vel
839 1350 964 1417 hrocca
987 1351 1030 1416 sit
1051 1349 1205 1434 oppidum
1229 1348 1291 1416 Su-

169 1436 289 1516 sianae,
323 1434 409 1518 quod
437 1455 511 1500 cum
535 1434 649 1522 Gynde
676 1437 809 1502 flumine
838 1438 959 1551 optime
980 1439 1108 1520 poterat
1129 1436 1289 1517 coniungi,

167 1522 305 1588 fortasse
341 1541 415 1586 cum
448 1519 607 1588 Salmasio
650 1522 847 1604 „Areccaeis
911 1522 1081 1587 lenissima
1112 1522 1292 1587 mutatione

169 1606 375 1674 scribendum
410 1611 469 1674 est.
519 1607 634 1691 Neque
667 1610 773 1692 magis
807 1612 896 1674 certa
922 1610 1031 1672 cetera
1065 1609 1141 1672 sunt
1167 1609 1202 1672 in
1229 1608 1290 1673 hoc

167 1714 274 1760 versu.
309 1693 483 1771 Quaeritur
505 1698 614 1760 autem
636 1696 778 1761 maxime
801 1700 912 1760 utrum
934 1693 994 1759 hoc
1009 1712 1106 1759 versu
1121 1693 1187 1759 alia
1201 1695 1290 1776 regio

168 1781 367 1864 significetur
400 1800 498 1865 quam
532 1801 630 1866 supra
663 1781 794 1847 flumine
829 1778 943 1863 Gynde
980 1800 1022 1845 an
1058 1779 1180 1846 eadem.
1240 1779 1290 1847 Ac

167 1866 393 1934 Lachmannus
406 1867 549 1950 quidem,
566 1868 623 1951 qui
637 1888 735 1933 unam
751 1867 803 1931 his
819 1865 945 1932 duobus
960 1865 1109 1932 versibus
1124 1866 1290 1949 regionem

170 1952 348 2036 significari
370 1956 474 2037 putat,
497 1954 580 2019 hanc
600 1953 698 2020 huius
720 1973 833 2019 versus
855 1953 994 2020 formam
1015 1951 1134 2019 effecit:

322 2038 405 2104 Aret
426 2039 573 2105 Arecteis
595 2039 682 2105 haud
704 2039 770 2104 una
791 2058 849 2124 per
872 2039 956 2104 ostia
978 2040 1101 2122 campis

165 2142 275 2207 neque
299 2125 477 2209 quidquam
500 2129 610 2191 contra
631 2125 720 2191 illius
743 2127 937 2192 sententiam
952 2125 1023 2189 iure
1037 2125 1176 2209 proferri
1191 2144 1288 2210 posse

167 2210 307 2276 videtur.
356 2209 420 2277 Sed
442 2232 482 2277 nc
500 2210 688 2277 Baehrensii
711 2211 843 2295 quidem
865 2211 1027 2295 scriptura
1050 2209 1208 2295 displicet,
1232 2211 1289 2296 qui

168 2295 333 2382 Heynium
356 2297 389 2362 in
410 2313 544 2363 ¹summa
564 2318 599 2362 re
622 2301 755 2363 secutus
776 2298 823 2363 ita
844 2298 929 2363 hunc
952 2317 1081 2362 versum
1100 2297 1244 2363 exhibet:

323 2383 427 2449 Ardet
449 2381 619 2449 Aractacis
642 2388 699 2449 aut
720 2384 808 2450 unda
828 2403 944 2468 parum
959 2383 1090 2469 hospita
1109 2384 1244 2469 campis,

168 2469 255 2552 quod
281 2468 320 2534 de
339 2469 468 2535 illarum
484 2469 649 2551 regionum
664 2470 800 2537 lacubus
816 2469 1019 2535 bituminatis
1034 2469 1286 2553 intellegendum

168 2558 228 2620 est.
280 2553 362 2621 Mihi
389 2554 587 2621 Lachmanni
614 2557 797 2623 coniectura
822 2557 919 2641 paulo
953 2559 1118 2640 praestare
1147 2555 1286 2636 videtur,

167 2640 235 2720 sed,
266 2642 417 2725 quoniam
446 2642 629 2725 complures
653 2645 766 2709 insunt
796 2644 830 2708 in
856 2643 917 2708 hoc
945 2662 1042 2708 versu
1071 2643 1286 2725 quaestiones

168 2746 307 2810 quarum
329 2728 420 2793 nulla
441 2727 483 2793 ad
506 2734 629 2793 certum
653 2731 750 2795 finem
771 2729 904 2814 perduci
925 2732 1045 2814 potest,
1067 2748 1125 2813 pro
1143 2731 1229 2793 certo
1246 2727 1285 2793 de

166 2813 227 2878 hac
255 2834 290 2879 re
321 2814 465 2880 iudicare
488 2835 552 2879 non
576 2815 689 2881 audeo.
735 2815 819 2881 Illud
841 2818 968 2881 tantum
991 2815 1060 2880 sine
1085 2812 1286 2879 dubitatione

168 2900 322 2965 affirmari
344 2904 452 2985 potest
473 2901 582 2966 minus
604 2905 717 2967 notum
738 2922 865 2983 nomen,
889 2900 974 2985 quod
989 2901 1023 2965 in
1038 2898 1065 2964 F
1081 2903 1138 2964 aut
1152 2919 1286 2984 prorsus

165 2988 252 3051 recte
265 2988 321 3051 aut
333 3006 408 3051 cum
420 2987 539 3068 exigua
551 2986 778 3071 depravatione
790 2992 947 3068 servatur,
958 2988 992 3052 in
1006 2990 1185 3052 ceterorum
1197 2985 1286 3051 codi-

167 3091 241 3136 cum
274 3072 449 3158 archetypo
485 3074 678 3154 gravissima
706 3074 955 3161 interpolatione
983 3076 1174 3156 corruptum
1202 3092 1286 3153 esse,

165 3176 270 3240 neque
286 3157 382 3223 aliter
398 3159 438 3225 de
455 3160 556 3225 altera
571 3158 789 3244 discrepantia
805 3180 887 3245 quae
903 3161 937 3224 11
952 3159 1013 3224 hoc
1025 3178 1123 3224 versu
1135 3159 1285 3239 occurrit,

169 3242 346 3329 „carystia“
376 3245 410 3310 in
437 3245 556 3312 nostris
586 3246 751 3314 codicibus
773 3267 831 3331 pro
856 3244 1022 3311 Ouiaciani
1048 3241 1284 3329 „perhospita“‚

167 3330 314 3413 quamvis
338 3335 444 3398 cetera
466 3331 566 3397 dubia
588 3333 662 3415 sint,
685 3332 911 3400 iudicabimus.

251 3415 304 3498 lv,
332 3420 360 3496 1,
386 3417 446 3481 185
468 3416 495 3483 F
518 3420 666 3503 praebet:

317 3501 444 3569 Horrea
465 3505 622 3571 fecundas
645 3505 687 3571 ad
709 3503 893 3570 deficientia
915 3502 1041 3584 messis,

166 3589 265 3655 ceteri
289 3589 415 3656 codices
441 3592 607 3673 „fecundis
629 3589 847 3657 indeficientia
862 3586 1011 3655 mensis“.
1046 3588 1133 3656 Vera
1149 3590 1283 3655 estsine

166 3674 264 3741 dubio
289 3696 328 3741 ea
350 3678 512 3760 scriptura
534 3679 567 3742 in
591 3696 655 3760 qua
677 3677 840 3760 propriam
864 3674 1018 3759 adjectivi
1039 3676 1126 3760 quod
1149 3679 1201 3742 est
1217 3676 1251 3757 „f
1268 3713 1283 3724 -

165 3760 310 3827 cundus“
332 3763 599 3845 significationem
622 3763 761 3828 retinere
784 3761 870 3826 licet.

250 3847 304 3929 lv,
330 3850 357 3929 l,
383 3850 444 3912 189
472 3846 640 3915 Ouiaciani
661 3848 834 3913 lectionem

317 3933 398 4000 Cum
420 3954 545 3999 memor
567 3937 642 3999 ante
658 3938 748 4000 actos
764 3954 893 4020 semper
908 3934 1000 4001 dolor
1015 3933 1167 3999 admonet
1182 3953 1282 3999 annos

164 4040 270 4106 neque
303 4024 371 4087 tam
404 4020 546 4085 ieiunam
580 4040 650 4086 1111
683 4025 760 4106 puto
793 4041 890 4107 quam
918 4019 1117 4086 Baehrensio
1153 4019 1283 4086 videtur
