2988 4564
645 281 858 346 ...32..

188 471 339 554 quoniam
367 492 406 538 ex
433 471 499 536 illis
526 470 566 537 de
594 469 707 537 Deliae
736 491 844 537 amore
870 470 953 536 nihil
982 471 1110 539 omnino
1138 472 1221 538 seire
1244 491 1302 556 po·

187 561 303 623 terant.
349 558 458 641 ltaque
481 557 563 623 nihil
586 557 676 623 aliud
698 560 800 623 restat
825 559 893 623 nisi
920 557 1002 623 hanc
1023 559 1305 642 interpolationem

186 643 306 708 iamin
330 664 366 709 eo
390 643 499 710 codice
522 663 585 727 quo
608 646 779 728 excerptor
801 664 878 710 usus
907 648 959 710 est
977 645 1153 726 exstitisse,
1181 664 1245 730 qua
1267 666 1307 711 ex

186 749 221 794 re
245 734 378 814 apparet
399 749 497 813 quam
522 750 586 796 non
612 733 700 796 recte
729 731 844 796 fecerit
873 728 1050 797 Muellerus
1081 731 1168 814 quod
1195 751 1306 797 omnes

186 817 364 900 scripturas
401 817 560 901 excerptis
593 817 742 900 proprias
778 835 857 896 pro·
876 817 1074 901 excerptoris
1112 817 1306 883 coniecturis

186 901 352 969 habendas
375 923 446 969 esse
469 904 604 968 censuit.

272 1003 296 1085 Ι,
312 1005 343 1085 4,
360 1004 400 1067 36
416 1005 451 1070 in
468 1004 616 1070 codicum
636 1006 822 1070 nostrorum
845 1004 1019 1089 archetypo
1042 1007 1199 1090 scriptum
1220 1009 1304 1070 erat:

344 1106 480 1172 Formae
496 1128 560 1172 non
575 1108 666 1172 illam
682 1108 750 1171 fata
766 1106 883 1172 dedere
898 1127 1033 1190 moram,

187 1212 250 1276 quo
278 1213 352 1258 cum
378 1192 530 1259 librarius
557 1195 628 1258 iure
656 1191 882 1274 offenderetur,
913 1213 1050 1278 eumque
1079 1213 1160 1275 „non
1183 1191 1302 1259 ullam“

184 1278 284 1343 latine
308 1279 372 1344 dici
397 1299 493 1363 posse
519 1299 583 1345 non
609 1279 822 1360 meminisset,
851 1279 947 1344 facile
974 1280 1092 1346 adduci
1126 1281 1233 1364 potuit
1267 1282 1304 1344 ut

186 1366 334 1445 graviore
358 1366 537 1431 mutatione
560 1382 691 1431 sensum
714 1365 856 1430 efficeret
878 1367 1038 1432 seribens:

379 1466 444 1533 Sed
465 1470 587 1533 formae
609 1467 732 1532 nullam
754 1469 822 1533 fata
838 1456 960 1535 ‘dedere
982 1490 1115 1534 moram.

270 1568 294 1651 Ι,
322 1571 352 1652 5,
380 1572 419 1634 61
443 1571 524 1636 mihi
551 1572 585 1636 in
611 1571 750 1655 repetito
780 1569 947 1656 „praesto“
976 1592 1039 1639 non
1054 1571 1183 1639 uidetur
1204 1569 1304 1636 offen-

185 1655 326 1722 dendum
349 1677 427 1722 esse.
477 1656 597 1722 Tamen
624 1677 698 1721 curn
720 1656 804 1722 illud
831 1658 962 1723 librario
989 1658 1097 1739 alicui,
1130 1661 1168 1722 ut
1193 1657 1304 1723 multis

186 1746 316 1808 nostrae
341 1744 458 1808 aetatis
474 1744 553 1808 uiris
576 1743 680 1808 doctis
703 1741 870 1808 offensioni
890 1745 999 1826 inerit,
1020 1746 1054 1809 in
1070 1744 1231 1828 excerptis.
1246 1763 1304 1828 pro

187 1827 288 1894 altero
315 1827 481 1913 „praesto“
509 1825 672 1913 „semper“
695 1830 838 1914 positum
862 1836 921 1897 est.

273 1931 298 2014 Ι,
321 1933 350 2013 8,
377 1934 416 1996 14
438 1951 502 1997 non
526 1930 638 1996 dubito
662 1933 741 2015 quin
763 1936 851 1998 recte
873 1933 907 1998 in
930 1932 1023 1998 libris
1044 1930 1202 1998 traditum
1225 1932 1282 1998 sit:

368 2034 523 2119 Ansaque
547 2053 747 2118 compressos
770 2035 892 2117 colligit
916 2033 1118 2118 antepedes.

271 2145 354 2212 Cum
377 2149 484 2211 autem
509 2145 683 2227 colligendi
699 2146 833 2211 verbum
853 2165 893 2211 ne
909 2147 949 2210 ab
964 2143 1054 2210 ltalis
1070 2145 1202 2229 quidem
1218 2151 1303 2212 recte

186 2233 388 2299 intellectum
404 2252 474 2298 esse
489 2235 621 2312 constet,
643 2232 827 2298 mirandum
847 2251 909 2297 non
925 2237 975 2296 est
990 2232 1077 2315 quod
1091 2233 1124 2297 in
1140 2233 1304 2317 excerptis

186 2319 354 2385 lenissima
376 2318 553 2383 mutatione
578 2317 747 2400 „colligat“
766 2318 922 2401 scriptum
943 2321 1003 2398 est,
1026 2318 1122 2401 quod,
1145 2338 1219 2383 oum
1235 2339 1303 2384 arn-

183 2404 281 2487 bigue
304 2404 426 2471 dictum
449 2406 500 2486 sit,
522 2405 625 2469 multo
648 2405 754 2468 minus
778 2405 889 2487 aptum
913 2423 984 2470 esse
1003 2409 1089 2471 recte
1104 2404 1301 2471 contendunt

182 2491 330 2574 Riglerus
354 2510 493 2575 eumque
515 2493 648 2556 secutus
669 2489 885 2555 Baehrensius
908 2488 1021 2574 (praef.
1045 2509 1117 2576 pag.
1141 2487 1227 2572 XV).

270 2603 294 2684 Ι,
321 2604 370 2684 10,
394 2603 413 2664 5
435 2602 469 2666 in
494 2602 655 2685 excerptis
677 2599 717 2666 ab
740 2599 871 2666 homine
898 2603 956 2685 qui
977 2602 1076 2669 verba
1097 2600 1218 2666 tradita
1242 2622 1303 2682 „an

184 2689 265 2755 nihil
291 2689 346 2754 ille
373 2689 472 2755 miser
499 2684 656 2752 meruit?“
685 2707 748 2752 non
776 2691 863 2752 reete
887 2687 1049 2753 intellexit
1069 2686 1301 2771 interpolatum

185 2795 266 2856 esse,
281 2775 368 2858 quod
379 2774 484 2856 magis
499 2773 705 2859 perspicuum
718 2779 782 2839 est:
801 2772 942 2856 „Forsan
954 2777 986 2839 et
997 2773 1052 2838 ille
1065 2772 1147 2839 nihil
1158 2771 1296 2838 meruit“

186 2861 226 2928 ab
249 2862 400 2926 omnibus
423 2858 617 2925 conceditur.

271 2963 309 3045 Π,
334 2964 364 3043 3,
388 2963 429 3025 36
453 2962 579 3027 codices
602 2965 689 3027 recte
713 2961 866 3027 exhibere
888 2960 969 3027 mihi
991 2959 1158 3026 vident-ur:

339 3064 463 3131 Praeda
480 3067 590 3129 tamen
604 3064 717 3131 multis
733 3068 784 3130 est
798 3067 931 3150 operata
945 3064 1051 3145 malie,

57 3216 62 3225 ,
185 3153 272 3237 quod
288 3170 483 3236 quamquam
498 3169 561 3215 non
578 3152 737 3216 usitatum
755 3150 883 3216 dicendi
898 3169 999 3230 genus
1018 3153 1076 3228 est,
1092 3152 1202 3215 tamen
1217 3150 1301 3235 aptis

183 3239 342 3323 exemplis
354 3237 433 3302 satis
448 3236 605 3301 illustrari
616 3241 735 3322 potest.
769 3235 873 3301 Valde
886 3237 996 3300 autem
1007 3235 1106 3299 miror
1117 3255 1181 3300 non
1192 3237 1298 3302 nullo-

182 3347 256 3390 rum
268 3326 411 3389 virorum
423 3322 591 3387 doctorum
602 3324 770 3402 iudicium,
783 3322 902 3404 quihus
912 3322 1017 3402 magis
1029 3321 1154 3404 placuit
1165 3341 1297 3406 excerp-

181 3416 288 3478 torum
312 3409 474 3492 scriptura
498 3407 672 3493 „adoperta
687 3407 814 3473 malis“.
860 3405 943 3472 Sane
964 3407 1010 3471 sio
1033 3407 1230 3473 instituisset
1244 3408 1299 3473 Ti-

183 3497 291 3563 bullus
307 3494 577 3578 comparationem
595 3496 764 3579 poeticam,
781 3492 847 3572 sed,
863 3496 900 3557 ut
915 3493 995 3557 mihi
1012 3493 1144 3577 quidem
1159 3494 1298 3573 videtur,

182 3603 313 3670 prorsus
325 3582 469 3647 ieiunam
481 3586 513 3647 et
524 3583 678 3666 ineptam.
710 3579 814 3656 Quam
825 3598 889 3643 non
901 3583 1014 3663 aptum
1026 3579 1140 3645 sithoc
1152 3579 1298 3661 verbum,

182 3669 335 3737 facillime
357 3668 495 3734 fortasse
518 3688 559 3733 ex
581 3666 821 3751 comparatione
838 3666 1059 3750 exemplorum
1081 3664 1300 3731 adhibitorum

183 3755 223 3837 (Ι,
249 3758 276 3836 1,
303 3755 344 3816 70
367 3753 444 3833 etl,
468 3755 498 3836 9,
521 3752 578 3835 44)
602 3753 716 3818 sentiri
736 3755 855 3836 potest,
877 3752 935 3818 ubi
949 3752 1060 3836 puella
1077 3755 1183 3817 amato
1198 3770 1300 3835 puero

182 3841 336 3926 adoperta
362 3841 472 3907 venire
507 3844 540 3905 et
567 3837 681 3906 Mortis
709 3841 807 3922 caput
835 3838 977 3905 tenebris
1008 3837 1199 3988 adopertum
1228 3856 1299 3904 esse

181 3947 314 4016 prorsus
337 3932 411 4013 apte
436 3925 564 3992 dicitur.
602 3925 740 3991 Accedit
754 3924 842 4010 quod
863 3925 898 3990 in
920 3923 1067 4008 sequenti
1090 3943 1129 3989 us
1153 3943 1192 3988 ea
1214 3924 1301 3990 mala

182 4018 371 4086 enarrantur
393 4031 476 4100 quae
497 4009 618 4100 praeda
641 4009 749 4081 effecit
771 4011 793 4080 i.
811 4031 838 4080 θ.
861 4010 979 4098 quibus
995 4013 1128 4099 operata
1142 4012 1201 4078 est.
1235 4009 1300 4080 lta·
